{"ts":1774895645000,"type":"trade","asset":"0x064d33e3f5703792aafa92bfb0ee10e08f461b1b34c02cc1f02671892ede1609a","price":0.43,"size":15,"side":"BUY","source":"data-api"}
{"ts":1774895647000,"type":"trade","asset":"0x064d33e3f5703792aafa92bfb0ee10e08f461b1b34c02cc1f02671892ede1609a","price":0.65,"size":120,"side":"BUY","source":"data-api"}
{"ts":1774895647000,"type":"trade","asset":"0x064d33e3f5703792aafa92bfb0ee10e08f461b1b34c02cc1f02671892ede1609a","price":0.7931326320880184,"size":12.4065,"side":"BUY","source":"data-api"}
{"ts":1774895647000,"type":"trade","asset":"0x064d33e3f5703792aafa92bfb0ee10e08f461b1b34c02cc1f02671892ede1609a","price":0.65,"size":250,"side":"BUY","source":"data-api"}
{"ts":1774895647000,"type":"trade","asset":"0x064d33e3f5703792aafa92bfb0ee10e08f461b1b34c02cc1f02671892ede1609a","price":0.2552825,"size":40,"side":"BUY","source":"data-api"}
{"ts":1774895647000,"type":"trade","asset":"0x064d33e3f5703792aafa92bfb0ee10e08f461b1b34c02cc1f02671892ede1609a","price":0.79,"size":7,"side":"BUY","source":"data-api"}
{"ts":1774895647000,"type":"trade","asset":"0x064d33e3f5703792aafa92bfb0ee10e08f461b1b34c02cc1f02671892ede1609a","price":0.32,"size":3.125,"side":"BUY","source":"data-api"}
{"ts":1774895647000,"type":"trade","asset":"0x064d33e3f5703792aafa92bfb0ee10e08f461b1b34c02cc1f02671892ede1609a","price":0.21,"size":6,"side":"SELL","source":"data-api"}
{"ts":1774895647000,"type":"trade","asset":"0x064d33e3f5703792aafa92bfb0ee10e08f461b1b34c02cc1f02671892ede1609a","price":0.947,"size":26,"side":"BUY","source":"data-api"}
{"ts":1774895647000,"type":"trade","asset":"0x064d33e3f5703792aafa92bfb0ee10e08f461b1b34c02cc1f02671892ede1609a","price":0.75999999848,"size":131.578945,"side":"BUY","source":"data-api"}
{"ts":1774895647000,"type":"trade","asset":"0x064d33e3f5703792aafa92bfb0ee10e08f461b1b34c02cc1f02671892ede1609a","price":0.22,"size":0.78,"side":"SELL","source":"data-api"}
{"ts":1774895647000,"type":"trade","asset":"0x064d33e3f5703792aafa92bfb0ee10e08f461b1b34c02cc1f02671892ede1609a","price":0.8299999767831687,"size":1.722888,"side":"BUY","source":"data-api"}
{"ts":1774895647000,"type":"trade","asset":"0x064d33e3f5703792aafa92bfb0ee10e08f461b1b34c02cc1f02671892ede1609a","price":0.7899999802499955,"size":10.12658,"side":"BUY","source":"data-api"}
{"ts":1774895647000,"type":"trade","asset":"0x064d33e3f5703792aafa92bfb0ee10e08f461b1b34c02cc1f02671892ede1609a","price":0.21,"size":18.63,"side":"SELL","source":"data-api"}
{"ts":1774895647000,"type":"trade","asset":"0x064d33e3f5703792aafa92bfb0ee10e08f461b1b34c02cc1f02671892ede1609a","price":0.008,"size":125,"side":"BUY","source":"data-api"}
{"ts":1774895647000,"type":"trade","asset":"0x064d33e3f5703792aafa92bfb0ee10e08f461b1b34c02cc1f02671892ede1609a","price":0.993,"size":114.572,"side":"BUY","source":"data-api"}
{"ts":1774895647000,"type":"trade","asset":"0x064d33e3f5703792aafa92bfb0ee10e08f461b1b34c02cc1f02671892ede1609a","price":0.22,"size":0.99,"side":"SELL","source":"data-api"}
{"ts":1774895647000,"type":"trade","asset":"0x064d33e3f5703792aafa92bfb0ee10e08f461b1b34c02cc1f02671892ede1609a","price":0.86,"size":1.1,"side":"BUY","source":"data-api"}
{"ts":1774895647000,"type":"trade","asset":"0x064d33e3f5703792aafa92bfb0ee10e08f461b1b34c02cc1f02671892ede1609a","price":0.010999989230999773,"size":90.909089,"side":"BUY","source":"data-api"}
{"ts":1774895647000,"type":"trade","asset":"0x064d33e3f5703792aafa92bfb0ee10e08f461b1b34c02cc1f02671892ede1609a","price":0.998,"size":1.002,"side":"BUY","source":"data-api"}
{"ts":1774895647000,"type":"trade","asset":"0x064d33e3f5703792aafa92bfb0ee10e08f461b1b34c02cc1f02671892ede1609a","price":0.23148148148148148,"size":5.4,"side":"BUY","source":"data-api"}
{"ts":1774895647000,"type":"trade","asset":"0x064d33e3f5703792aafa92bfb0ee10e08f461b1b34c02cc1f02671892ede1609a","price":0.9839999990663306,"size":68.546746,"side":"BUY","source":"data-api"}
{"ts":1774895647000,"type":"trade","asset":"0x064d33e3f5703792aafa92bfb0ee10e08f461b1b34c02cc1f02671892ede1609a","price":0.99,"size":71.0303,"side":"BUY","source":"data-api"}
{"ts":1774895647000,"type":"trade","asset":"0x064d33e3f5703792aafa92bfb0ee10e08f461b1b34c02cc1f02671892ede1609a","price":0.21924134419551936,"size":19.64,"side":"SELL","source":"data-api"}
{"ts":1774895647000,"type":"trade","asset":"0x064d33e3f5703792aafa92bfb0ee10e08f461b1b34c02cc1f02671892ede1609a","price":0.833375,"size":20,"side":"BUY","source":"data-api"}
{"ts":1774895647000,"type":"trade","asset":"0x064d33e3f5703792aafa92bfb0ee10e08f461b1b34c02cc1f02671892ede1609a","price":0.23,"size":5,"side":"BUY","source":"data-api"}
{"ts":1774895647000,"type":"trade","asset":"0x064d33e3f5703792aafa92bfb0ee10e08f461b1b34c02cc1f02671892ede1609a","price":0.3899998478999072,"size":2.564101,"side":"BUY","source":"data-api"}
{"ts":1774895647000,"type":"trade","asset":"0x064d33e3f5703792aafa92bfb0ee10e08f461b1b34c02cc1f02671892ede1609a","price":0.2437499446484316,"size":12.307691,"side":"BUY","source":"data-api"}
{"ts":1774895647000,"type":"trade","asset":"0x064d33e3f5703792aafa92bfb0ee10e08f461b1b34c02cc1f02671892ede1609a","price":0.78,"size":3.84615,"side":"BUY","source":"data-api"}
{"ts":1774895647000,"type":"trade","asset":"0x064d33e3f5703792aafa92bfb0ee10e08f461b1b34c02cc1f02671892ede1609a","price":0.22,"size":28,"side":"BUY","source":"data-api"}
{"ts":1774895647000,"type":"trade","asset":"0x064d33e3f5703792aafa92bfb0ee10e08f461b1b34c02cc1f02671892ede1609a","price":0.79,"size":5,"side":"BUY","source":"data-api"}
{"ts":1774895647000,"type":"trade","asset":"0x064d33e3f5703792aafa92bfb0ee10e08f461b1b34c02cc1f02671892ede1609a","price":0.82,"size":0.2,"side":"SELL","source":"data-api"}
{"ts":1774895647000,"type":"trade","asset":"0x064d33e3f5703792aafa92bfb0ee10e08f461b1b34c02cc1f02671892ede1609a","price":0.08,"size":12.5,"side":"BUY","source":"data-api"}
{"ts":1774895647000,"type":"trade","asset":"0x064d33e3f5703792aafa92bfb0ee10e08f461b1b34c02cc1f02671892ede1609a","price":0.017000000060176993,"size":66.470588,"side":"BUY","source":"data-api"}
{"ts":1774895647000,"type":"trade","asset":"0x064d33e3f5703792aafa92bfb0ee10e08f461b1b34c02cc1f02671892ede1609a","price":0.829999950199837,"size":1.807223,"side":"BUY","source":"data-api"}
{"ts":1774895647000,"type":"trade","asset":"0x064d33e3f5703792aafa92bfb0ee10e08f461b1b34c02cc1f02671892ede1609a","price":0.8148090969455511,"size":60.24,"side":"BUY","source":"data-api"}
{"ts":1774895647000,"type":"trade","asset":"0x064d33e3f5703792aafa92bfb0ee10e08f461b1b34c02cc1f02671892ede1609a","price":0.82,"size":0.2,"side":"SELL","source":"data-api"}
{"ts":1774895647000,"type":"trade","asset":"0x064d33e3f5703792aafa92bfb0ee10e08f461b1b34c02cc1f02671892ede1609a","price":0.19,"size":7,"side":"BUY","source":"data-api"}
{"ts":1774895647000,"type":"trade","asset":"0x064d33e3f5703792aafa92bfb0ee10e08f461b1b34c02cc1f02671892ede1609a","price":0.25,"size":21,"side":"BUY","source":"data-api"}
{"ts":1774895647000,"type":"trade","asset":"0x064d33e3f5703792aafa92bfb0ee10e08f461b1b34c02cc1f02671892ede1609a","price":0.8156931231346114,"size":6.129755,"side":"BUY","source":"data-api"}
{"ts":1774895647000,"type":"trade","asset":"0x064d33e3f5703792aafa92bfb0ee10e08f461b1b34c02cc1f02671892ede1609a","price":0.8099999678571314,"size":3.11111,"side":"BUY","source":"data-api"}
{"ts":1774895647000,"type":"trade","asset":"0x064d33e3f5703792aafa92bfb0ee10e08f461b1b34c02cc1f02671892ede1609a","price":0.2,"size":4.62,"side":"SELL","source":"data-api"}
{"ts":1774895647000,"type":"trade","asset":"0x064d33e3f5703792aafa92bfb0ee10e08f461b1b34c02cc1f02671892ede1609a","price":0.82,"size":6,"side":"BUY","source":"data-api"}
{"ts":1774895647000,"type":"trade","asset":"0x064d33e3f5703792aafa92bfb0ee10e08f461b1b34c02cc1f02671892ede1609a","price":0.22,"size":1.49,"side":"SELL","source":"data-api"}
{"ts":1774895647000,"type":"trade","asset":"0x064d33e3f5703792aafa92bfb0ee10e08f461b1b34c02cc1f02671892ede1609a","price":0.6799999921159399,"size":5.073528,"side":"BUY","source":"data-api"}
{"ts":1774895647000,"type":"trade","asset":"0x064d33e3f5703792aafa92bfb0ee10e08f461b1b34c02cc1f02671892ede1609a","price":0.99,"size":72.9292,"side":"BUY","source":"data-api"}
{"ts":1774895647000,"type":"trade","asset":"0x064d33e3f5703792aafa92bfb0ee10e08f461b1b34c02cc1f02671892ede1609a","price":0.8699999681318576,"size":3.13793,"side":"BUY","source":"data-api"}
{"ts":1774895647000,"type":"trade","asset":"0x064d33e3f5703792aafa92bfb0ee10e08f461b1b34c02cc1f02671892ede1609a","price":0.36,"size":2.33,"side":"SELL","source":"data-api"}
{"ts":1774895647000,"type":"trade","asset":"0x064d33e3f5703792aafa92bfb0ee10e08f461b1b34c02cc1f02671892ede1609a","price":0.68,"size":1.62,"side":"BUY","source":"data-api"}
{"ts":1774895647000,"type":"trade","asset":"0x064d33e3f5703792aafa92bfb0ee10e08f461b1b34c02cc1f02671892ede1609a","price":0.7876,"size":30,"side":"BUY","source":"data-api"}
{"ts":1774895647000,"type":"trade","asset":"0x064d33e3f5703792aafa92bfb0ee10e08f461b1b34c02cc1f02671892ede1609a","price":0.19,"size":2.28,"side":"SELL","source":"data-api"}
{"ts":1774895647000,"type":"trade","asset":"0x064d33e3f5703792aafa92bfb0ee10e08f461b1b34c02cc1f02671892ede1609a","price":0.28,"size":5,"side":"BUY","source":"data-api"}
{"ts":1774895647000,"type":"trade","asset":"0x064d33e3f5703792aafa92bfb0ee10e08f461b1b34c02cc1f02671892ede1609a","price":0.005,"size":10,"side":"SELL","source":"data-api"}
{"ts":1774895647000,"type":"trade","asset":"0x064d33e3f5703792aafa92bfb0ee10e08f461b1b34c02cc1f02671892ede1609a","price":0.77,"size":5,"side":"BUY","source":"data-api"}
{"ts":1774895647000,"type":"trade","asset":"0x064d33e3f5703792aafa92bfb0ee10e08f461b1b34c02cc1f02671892ede1609a","price":0.2799999731199972,"size":17.857141,"side":"BUY","source":"data-api"}
{"ts":1774895647000,"type":"trade","asset":"0x064d33e3f5703792aafa92bfb0ee10e08f461b1b34c02cc1f02671892ede1609a","price":0.18999991841175176,"size":8.947367,"side":"BUY","source":"data-api"}
{"ts":1774895647000,"type":"trade","asset":"0x064d33e3f5703792aafa92bfb0ee10e08f461b1b34c02cc1f02671892ede1609a","price":0.28,"size":22.5,"side":"BUY","source":"data-api"}
{"ts":1774895647000,"type":"trade","asset":"0x064d33e3f5703792aafa92bfb0ee10e08f461b1b34c02cc1f02671892ede1609a","price":0.75,"size":9.26,"side":"SELL","source":"data-api"}
{"ts":1774895647000,"type":"trade","asset":"0x064d33e3f5703792aafa92bfb0ee10e08f461b1b34c02cc1f02671892ede1609a","price":0.35,"size":0.13,"side":"SELL","source":"data-api"}
{"ts":1774895647000,"type":"trade","asset":"0x064d33e3f5703792aafa92bfb0ee10e08f461b1b34c02cc1f02671892ede1609a","price":0.35,"size":0.05,"side":"SELL","source":"data-api"}
{"ts":1774895647000,"type":"trade","asset":"0x064d33e3f5703792aafa92bfb0ee10e08f461b1b34c02cc1f02671892ede1609a","price":0.63,"size":1.5873,"side":"BUY","source":"data-api"}
{"ts":1774895647000,"type":"trade","asset":"0x064d33e3f5703792aafa92bfb0ee10e08f461b1b34c02cc1f02671892ede1609a","price":0.24,"size":6.58,"side":"BUY","source":"data-api"}
{"ts":1774895647000,"type":"trade","asset":"0x064d33e3f5703792aafa92bfb0ee10e08f461b1b34c02cc1f02671892ede1609a","price":0.27,"size":2.78,"side":"SELL","source":"data-api"}
{"ts":1774895647000,"type":"trade","asset":"0x064d33e3f5703792aafa92bfb0ee10e08f461b1b34c02cc1f02671892ede1609a","price":0.25,"size":27.52,"side":"SELL","source":"data-api"}
{"ts":1774895647000,"type":"trade","asset":"0x064d33e3f5703792aafa92bfb0ee10e08f461b1b34c02cc1f02671892ede1609a","price":0.7299999087499658,"size":2.739725,"side":"BUY","source":"data-api"}
{"ts":1774895647000,"type":"trade","asset":"0x064d33e3f5703792aafa92bfb0ee10e08f461b1b34c02cc1f02671892ede1609a","price":0.73,"size":37,"side":"BUY","source":"data-api"}
{"ts":1774895647000,"type":"trade","asset":"0x064d33e3f5703792aafa92bfb0ee10e08f461b1b34c02cc1f02671892ede1609a","price":0.36999986309991373,"size":2.702701,"side":"BUY","source":"data-api"}
{"ts":1774895647000,"type":"trade","asset":"0x064d33e3f5703792aafa92bfb0ee10e08f461b1b34c02cc1f02671892ede1609a","price":0.3699999798251019,"size":26.270269,"side":"BUY","source":"data-api"}
{"ts":1774895647000,"type":"trade","asset":"0x064d33e3f5703792aafa92bfb0ee10e08f461b1b34c02cc1f02671892ede1609a","price":0.2799999789999983,"size":22.857141,"side":"BUY","source":"data-api"}
{"ts":1774895647000,"type":"trade","asset":"0x064d33e3f5703792aafa92bfb0ee10e08f461b1b34c02cc1f02671892ede1609a","price":0.8084112903225806,"size":62,"side":"BUY","source":"data-api"}
{"ts":1774895647000,"type":"trade","asset":"0x064d33e3f5703792aafa92bfb0ee10e08f461b1b34c02cc1f02671892ede1609a","price":0.26352360817477094,"size":14.19,"side":"BUY","source":"data-api"}
{"ts":1774895647000,"type":"trade","asset":"0x064d33e3f5703792aafa92bfb0ee10e08f461b1b34c02cc1f02671892ede1609a","price":0.729999967879995,"size":6.849314,"side":"BUY","source":"data-api"}
{"ts":1774895647000,"type":"trade","asset":"0x064d33e3f5703792aafa92bfb0ee10e08f461b1b34c02cc1f02671892ede1609a","price":0.001,"size":1044.89,"side":"SELL","source":"data-api"}
{"ts":1774895647000,"type":"trade","asset":"0x064d33e3f5703792aafa92bfb0ee10e08f461b1b34c02cc1f02671892ede1609a","price":0.8199999835999839,"size":6.097555,"side":"BUY","source":"data-api"}
{"ts":1774895647000,"type":"trade","asset":"0x064d33e3f5703792aafa92bfb0ee10e08f461b1b34c02cc1f02671892ede1609a","price":0.18731997282608695,"size":147.2,"side":"SELL","source":"data-api"}
{"ts":1774895647000,"type":"trade","asset":"0x064d33e3f5703792aafa92bfb0ee10e08f461b1b34c02cc1f02671892ede1609a","price":0.73,"size":5,"side":"BUY","source":"data-api"}
{"ts":1774895647000,"type":"trade","asset":"0x064d33e3f5703792aafa92bfb0ee10e08f461b1b34c02cc1f02671892ede1609a","price":0.8117999861583932,"size":12.195116,"side":"BUY","source":"data-api"}
{"ts":1774895647000,"type":"trade","asset":"0x064d33e3f5703792aafa92bfb0ee10e08f461b1b34c02cc1f02671892ede1609a","price":0.6699999194710861,"size":3.104475,"side":"BUY","source":"data-api"}
{"ts":1774895647000,"type":"trade","asset":"0x064d33e3f5703792aafa92bfb0ee10e08f461b1b34c02cc1f02671892ede1609a","price":0.805,"size":10,"side":"BUY","source":"data-api"}
{"ts":1774895647000,"type":"trade","asset":"0x064d33e3f5703792aafa92bfb0ee10e08f461b1b34c02cc1f02671892ede1609a","price":0.3399999028571228,"size":5.970587,"side":"BUY","source":"data-api"}
{"ts":1774895647000,"type":"trade","asset":"0x064d33e3f5703792aafa92bfb0ee10e08f461b1b34c02cc1f02671892ede1609a","price":0.8004564777327935,"size":98.8,"side":"BUY","source":"data-api"}
{"ts":1774895647000,"type":"trade","asset":"0x064d33e3f5703792aafa92bfb0ee10e08f461b1b34c02cc1f02671892ede1609a","price":0.33,"size":16.89,"side":"SELL","source":"data-api"}
{"ts":1774895647000,"type":"trade","asset":"0x064d33e3f5703792aafa92bfb0ee10e08f461b1b34c02cc1f02671892ede1609a","price":0.7813633333333333,"size":30,"side":"BUY","source":"data-api"}
{"ts":1774895647000,"type":"trade","asset":"0x064d33e3f5703792aafa92bfb0ee10e08f461b1b34c02cc1f02671892ede1609a","price":0.7931621621621622,"size":37,"side":"BUY","source":"data-api"}
{"ts":1774895647000,"type":"trade","asset":"0x064d33e3f5703792aafa92bfb0ee10e08f461b1b34c02cc1f02671892ede1609a","price":0.21,"size":8,"side":"SELL","source":"data-api"}
{"ts":1774895647000,"type":"trade","asset":"0x064d33e3f5703792aafa92bfb0ee10e08f461b1b34c02cc1f02671892ede1609a","price":0.869999998259999,"size":11.494246,"side":"BUY","source":"data-api"}
{"ts":1774895647000,"type":"trade","asset":"0x064d33e3f5703792aafa92bfb0ee10e08f461b1b34c02cc1f02671892ede1609a","price":0.8299999086998274,"size":1.204817,"side":"BUY","source":"data-api"}
{"ts":1774895647000,"type":"trade","asset":"0x064d33e3f5703792aafa92bfb0ee10e08f461b1b34c02cc1f02671892ede1609a","price":0.7998483333333334,"size":60,"side":"BUY","source":"data-api"}
{"ts":1774895647000,"type":"trade","asset":"0x064d33e3f5703792aafa92bfb0ee10e08f461b1b34c02cc1f02671892ede1609a","price":0.44,"size":4.8,"side":"SELL","source":"data-api"}
{"ts":1774895647000,"type":"trade","asset":"0x064d33e3f5703792aafa92bfb0ee10e08f461b1b34c02cc1f02671892ede1609a","price":0.8,"size":2,"side":"BUY","source":"data-api"}
{"ts":1774895647000,"type":"trade","asset":"0x064d33e3f5703792aafa92bfb0ee10e08f461b1b34c02cc1f02671892ede1609a","price":0.8199999836327316,"size":6.109755,"side":"BUY","source":"data-api"}
{"ts":1774895647000,"type":"trade","asset":"0x064d33e3f5703792aafa92bfb0ee10e08f461b1b34c02cc1f02671892ede1609a","price":0.9,"size":6,"side":"BUY","source":"data-api"}
{"ts":1774895647000,"type":"trade","asset":"0x064d33e3f5703792aafa92bfb0ee10e08f461b1b34c02cc1f02671892ede1609a","price":0.78,"size":24.09,"side":"BUY","source":"data-api"}
{"ts":1774895647000,"type":"trade","asset":"0x064d33e3f5703792aafa92bfb0ee10e08f461b1b34c02cc1f02671892ede1609a","price":0.79,"size":0.2,"side":"SELL","source":"data-api"}
{"ts":1774895647000,"type":"trade","asset":"0x064d33e3f5703792aafa92bfb0ee10e08f461b1b34c02cc1f02671892ede1609a","price":0.34999990948273,"size":4.971427,"side":"BUY","source":"data-api"}
{"ts":1774895647000,"type":"trade","asset":"0x064d33e3f5703792aafa92bfb0ee10e08f461b1b34c02cc1f02671892ede1609a","price":0.22,"size":5,"side":"BUY","source":"data-api"}
{"ts":1774895647000,"type":"trade","asset":"0x064d33e3f5703792aafa92bfb0ee10e08f461b1b34c02cc1f02671892ede1609a","price":0.35,"size":0.01,"side":"SELL","source":"data-api"}
{"ts":1774895647000,"type":"trade","asset":"0x064d33e3f5703792aafa92bfb0ee10e08f461b1b34c02cc1f02671892ede1609a","price":0.8607333333333334,"size":4.5,"side":"BUY","source":"data-api"}
{"ts":1774895647000,"type":"trade","asset":"0x064d33e3f5703792aafa92bfb0ee10e08f461b1b34c02cc1f02671892ede1609a","price":0.20999993811593037,"size":9.857141,"side":"BUY","source":"data-api"}
{"ts":1774895647000,"type":"trade","asset":"0x064d33e3f5703792aafa92bfb0ee10e08f461b1b34c02cc1f02671892ede1609a","price":0.32,"size":31.25,"side":"BUY","source":"data-api"}
{"ts":1774895649000,"type":"trade","asset":"0x064d33e3f5703792aafa92bfb0ee10e08f461b1b34c02cc1f02671892ede1609a","price":0.33,"size":5,"side":"BUY","source":"data-api"}
{"ts":1774895649000,"type":"trade","asset":"0x064d33e3f5703792aafa92bfb0ee10e08f461b1b34c02cc1f02671892ede1609a","price":0.21,"size":5,"side":"BUY","source":"data-api"}
{"ts":1774895649000,"type":"trade","asset":"0x064d33e3f5703792aafa92bfb0ee10e08f461b1b34c02cc1f02671892ede1609a","price":0.20999986769995105,"size":4.761903,"side":"BUY","source":"data-api"}
{"ts":1774895649000,"type":"trade","asset":"0x064d33e3f5703792aafa92bfb0ee10e08f461b1b34c02cc1f02671892ede1609a","price":0.22,"size":11.99,"side":"SELL","source":"data-api"}
{"ts":1774895649000,"type":"trade","asset":"0x064d33e3f5703792aafa92bfb0ee10e08f461b1b34c02cc1f02671892ede1609a","price":0.79,"size":5,"side":"BUY","source":"data-api"}
{"ts":1774895649000,"type":"trade","asset":"0x064d33e3f5703792aafa92bfb0ee10e08f461b1b34c02cc1f02671892ede1609a","price":0.79,"size":40.79,"side":"BUY","source":"data-api"}
{"ts":1774895649000,"type":"trade","asset":"0x064d33e3f5703792aafa92bfb0ee10e08f461b1b34c02cc1f02671892ede1609a","price":0.98,"size":1.0204,"side":"BUY","source":"data-api"}
{"ts":1774895649000,"type":"trade","asset":"0x064d33e3f5703792aafa92bfb0ee10e08f461b1b34c02cc1f02671892ede1609a","price":0.68,"size":14,"side":"BUY","source":"data-api"}
{"ts":1774895649000,"type":"trade","asset":"0x064d33e3f5703792aafa92bfb0ee10e08f461b1b34c02cc1f02671892ede1609a","price":0.15,"size":0.2,"side":"SELL","source":"data-api"}
{"ts":1774895649000,"type":"trade","asset":"0x064d33e3f5703792aafa92bfb0ee10e08f461b1b34c02cc1f02671892ede1609a","price":0.21,"size":0.22,"side":"SELL","source":"data-api"}
{"ts":1774895649000,"type":"trade","asset":"0x064d33e3f5703792aafa92bfb0ee10e08f461b1b34c02cc1f02671892ede1609a","price":0.22,"size":17,"side":"BUY","source":"data-api"}
{"ts":1774895649000,"type":"trade","asset":"0x064d33e3f5703792aafa92bfb0ee10e08f461b1b34c02cc1f02671892ede1609a","price":0.7899999521211909,"size":2.506328,"side":"BUY","source":"data-api"}
{"ts":1774895649000,"type":"trade","asset":"0x064d33e3f5703792aafa92bfb0ee10e08f461b1b34c02cc1f02671892ede1609a","price":0.21,"size":7.42,"side":"SELL","source":"data-api"}
{"ts":1774895649000,"type":"trade","asset":"0x064d33e3f5703792aafa92bfb0ee10e08f461b1b34c02cc1f02671892ede1609a","price":0.16,"size":7,"side":"BUY","source":"data-api"}
{"ts":1774895649000,"type":"trade","asset":"0x064d33e3f5703792aafa92bfb0ee10e08f461b1b34c02cc1f02671892ede1609a","price":0.64,"size":3.25,"side":"BUY","source":"data-api"}
{"ts":1774895649000,"type":"trade","asset":"0x064d33e3f5703792aafa92bfb0ee10e08f461b1b34c02cc1f02671892ede1609a","price":0.68,"size":14,"side":"BUY","source":"data-api"}
{"ts":1774895649000,"type":"trade","asset":"0x064d33e3f5703792aafa92bfb0ee10e08f461b1b34c02cc1f02671892ede1609a","price":0.16,"size":20,"side":"BUY","source":"data-api"}
{"ts":1774895649000,"type":"trade","asset":"0x064d33e3f5703792aafa92bfb0ee10e08f461b1b34c02cc1f02671892ede1609a","price":0.7977503440298359,"size":12.53525,"side":"BUY","source":"data-api"}
{"ts":1774895649000,"type":"trade","asset":"0x064d33e3f5703792aafa92bfb0ee10e08f461b1b34c02cc1f02671892ede1609a","price":0.9599999615999939,"size":10.416665,"side":"BUY","source":"data-api"}
{"ts":1774895649000,"type":"trade","asset":"0x064d33e3f5703792aafa92bfb0ee10e08f461b1b34c02cc1f02671892ede1609a","price":0.7899999916402103,"size":7.177214,"side":"BUY","source":"data-api"}
{"ts":1774895649000,"type":"trade","asset":"0x064d33e3f5703792aafa92bfb0ee10e08f461b1b34c02cc1f02671892ede1609a","price":0.18,"size":5,"side":"BUY","source":"data-api"}
{"ts":1774895649000,"type":"trade","asset":"0x064d33e3f5703792aafa92bfb0ee10e08f461b1b34c02cc1f02671892ede1609a","price":0.9889999991098962,"size":10.111181,"side":"BUY","source":"data-api"}
{"ts":1774895649000,"type":"trade","asset":"0x064d33e3f5703792aafa92bfb0ee10e08f461b1b34c02cc1f02671892ede1609a","price":0.87,"size":20,"side":"BUY","source":"data-api"}
{"ts":1774895649000,"type":"trade","asset":"0x064d33e3f5703792aafa92bfb0ee10e08f461b1b34c02cc1f02671892ede1609a","price":0.8,"size":12,"side":"BUY","source":"data-api"}
{"ts":1774895649000,"type":"trade","asset":"0x064d33e3f5703792aafa92bfb0ee10e08f461b1b34c02cc1f02671892ede1609a","price":0.815,"size":1122,"side":"BUY","source":"data-api"}
{"ts":1774895649000,"type":"trade","asset":"0x064d33e3f5703792aafa92bfb0ee10e08f461b1b34c02cc1f02671892ede1609a","price":0.8,"size":1.375,"side":"BUY","source":"data-api"}
{"ts":1774895649000,"type":"trade","asset":"0x064d33e3f5703792aafa92bfb0ee10e08f461b1b34c02cc1f02671892ede1609a","price":0.996,"size":121.48575,"side":"BUY","source":"data-api"}
{"ts":1774895649000,"type":"trade","asset":"0x064d33e3f5703792aafa92bfb0ee10e08f461b1b34c02cc1f02671892ede1609a","price":0.2,"size":2.09,"side":"SELL","source":"data-api"}
{"ts":1774895649000,"type":"trade","asset":"0x064d33e3f5703792aafa92bfb0ee10e08f461b1b34c02cc1f02671892ede1609a","price":0.54,"size":5,"side":"BUY","source":"data-api"}
{"ts":1774895649000,"type":"trade","asset":"0x064d33e3f5703792aafa92bfb0ee10e08f461b1b34c02cc1f02671892ede1609a","price":0.9884697910784868,"size":123.97,"side":"BUY","source":"data-api"}
{"ts":1774895649000,"type":"trade","asset":"0x064d33e3f5703792aafa92bfb0ee10e08f461b1b34c02cc1f02671892ede1609a","price":0.54,"size":5,"side":"BUY","source":"data-api"}
{"ts":1774895649000,"type":"trade","asset":"0x064d33e3f5703792aafa92bfb0ee10e08f461b1b34c02cc1f02671892ede1609a","price":0.44,"size":30,"side":"BUY","source":"data-api"}
{"ts":1774895649000,"type":"trade","asset":"0x064d33e3f5703792aafa92bfb0ee10e08f461b1b34c02cc1f02671892ede1609a","price":0.21,"size":10,"side":"BUY","source":"data-api"}
{"ts":1774895649000,"type":"trade","asset":"0x064d33e3f5703792aafa92bfb0ee10e08f461b1b34c02cc1f02671892ede1609a","price":0.8,"size":10,"side":"BUY","source":"data-api"}
{"ts":1774895649000,"type":"trade","asset":"0x064d33e3f5703792aafa92bfb0ee10e08f461b1b34c02cc1f02671892ede1609a","price":0.32,"size":10.96875,"side":"BUY","source":"data-api"}
{"ts":1774895649000,"type":"trade","asset":"0x064d33e3f5703792aafa92bfb0ee10e08f461b1b34c02cc1f02671892ede1609a","price":0.79,"size":5.45,"side":"SELL","source":"data-api"}
{"ts":1774895649000,"type":"trade","asset":"0x064d33e3f5703792aafa92bfb0ee10e08f461b1b34c02cc1f02671892ede1609a","price":0.972,"size":40.09,"side":"SELL","source":"data-api"}
{"ts":1774895649000,"type":"trade","asset":"0x064d33e3f5703792aafa92bfb0ee10e08f461b1b34c02cc1f02671892ede1609a","price":0.78,"size":40,"side":"SELL","source":"data-api"}
{"ts":1774895649000,"type":"trade","asset":"0x064d33e3f5703792aafa92bfb0ee10e08f461b1b34c02cc1f02671892ede1609a","price":0.79666,"size":5,"side":"BUY","source":"data-api"}
{"ts":1774895649000,"type":"trade","asset":"0x064d33e3f5703792aafa92bfb0ee10e08f461b1b34c02cc1f02671892ede1609a","price":0.7899999826199865,"size":6.329109,"side":"BUY","source":"data-api"}
{"ts":1774895649000,"type":"trade","asset":"0x064d33e3f5703792aafa92bfb0ee10e08f461b1b34c02cc1f02671892ede1609a","price":0.87,"size":5.05,"side":"BUY","source":"data-api"}
{"ts":1774895649000,"type":"trade","asset":"0x064d33e3f5703792aafa92bfb0ee10e08f461b1b34c02cc1f02671892ede1609a","price":0.792536507936508,"size":63,"side":"BUY","source":"data-api"}
{"ts":1774895649000,"type":"trade","asset":"0x064d33e3f5703792aafa92bfb0ee10e08f461b1b34c02cc1f02671892ede1609a","price":0.34999996266666067,"size":10.714284,"side":"BUY","source":"data-api"}
{"ts":1774895649000,"type":"trade","asset":"0x064d33e3f5703792aafa92bfb0ee10e08f461b1b34c02cc1f02671892ede1609a","price":0.15997867476990119,"size":43.068234,"side":"BUY","source":"data-api"}
{"ts":1774895649000,"type":"trade","asset":"0x064d33e3f5703792aafa92bfb0ee10e08f461b1b34c02cc1f02671892ede1609a","price":0.15,"size":0.2,"side":"SELL","source":"data-api"}
{"ts":1774895649000,"type":"trade","asset":"0x064d33e3f5703792aafa92bfb0ee10e08f461b1b34c02cc1f02671892ede1609a","price":0.56,"size":17.12,"side":"BUY","source":"data-api"}
{"ts":1774895649000,"type":"trade","asset":"0x064d33e3f5703792aafa92bfb0ee10e08f461b1b34c02cc1f02671892ede1609a","price":0.2,"size":2.8,"side":"SELL","source":"data-api"}
{"ts":1774895649000,"type":"trade","asset":"0x064d33e3f5703792aafa92bfb0ee10e08f461b1b34c02cc1f02671892ede1609a","price":0.79,"size":5,"side":"BUY","source":"data-api"}
{"ts":1774895649000,"type":"trade","asset":"0x064d33e3f5703792aafa92bfb0ee10e08f461b1b34c02cc1f02671892ede1609a","price":0.8018256337687977,"size":38.437282,"side":"BUY","source":"data-api"}
{"ts":1774895649000,"type":"trade","asset":"0x064d33e3f5703792aafa92bfb0ee10e08f461b1b34c02cc1f02671892ede1609a","price":0.096,"size":149,"side":"BUY","source":"data-api"}
{"ts":1774895649000,"type":"trade","asset":"0x064d33e3f5703792aafa92bfb0ee10e08f461b1b34c02cc1f02671892ede1609a","price":0.8,"size":5,"side":"BUY","source":"data-api"}
{"ts":1774895649000,"type":"trade","asset":"0x064d33e3f5703792aafa92bfb0ee10e08f461b1b34c02cc1f02671892ede1609a","price":0.21770653514180024,"size":32.44,"side":"BUY","source":"data-api"}
{"ts":1774895649000,"type":"trade","asset":"0x064d33e3f5703792aafa92bfb0ee10e08f461b1b34c02cc1f02671892ede1609a","price":0.17,"size":127,"side":"BUY","source":"data-api"}
{"ts":1774895649000,"type":"trade","asset":"0x064d33e3f5703792aafa92bfb0ee10e08f461b1b34c02cc1f02671892ede1609a","price":0.7899999920999764,"size":1.265819,"side":"BUY","source":"data-api"}
{"ts":1774895649000,"type":"trade","asset":"0x064d33e3f5703792aafa92bfb0ee10e08f461b1b34c02cc1f02671892ede1609a","price":0.3799999011999269,"size":2.631577,"side":"BUY","source":"data-api"}
{"ts":1774895649000,"type":"trade","asset":"0x064d33e3f5703792aafa92bfb0ee10e08f461b1b34c02cc1f02671892ede1609a","price":0.78,"size":2.28,"side":"SELL","source":"data-api"}
{"ts":1774895649000,"type":"trade","asset":"0x064d33e3f5703792aafa92bfb0ee10e08f461b1b34c02cc1f02671892ede1609a","price":0.79,"size":2,"side":"BUY","source":"data-api"}
{"ts":1774895649000,"type":"trade","asset":"0x064d33e3f5703792aafa92bfb0ee10e08f461b1b34c02cc1f02671892ede1609a","price":0.15,"size":1.78,"side":"SELL","source":"data-api"}
{"ts":1774895649000,"type":"trade","asset":"0x064d33e3f5703792aafa92bfb0ee10e08f461b1b34c02cc1f02671892ede1609a","price":0.81,"size":62,"side":"BUY","source":"data-api"}
{"ts":1774895649000,"type":"trade","asset":"0x064d33e3f5703792aafa92bfb0ee10e08f461b1b34c02cc1f02671892ede1609a","price":0.31907552620718116,"size":151.4375,"side":"BUY","source":"data-api"}
{"ts":1774895649000,"type":"trade","asset":"0x064d33e3f5703792aafa92bfb0ee10e08f461b1b34c02cc1f02671892ede1609a","price":0.20234401687933287,"size":99.53,"side":"SELL","source":"data-api"}
{"ts":1774895649000,"type":"trade","asset":"0x064d33e3f5703792aafa92bfb0ee10e08f461b1b34c02cc1f02671892ede1609a","price":0.22,"size":40,"side":"BUY","source":"data-api"}
{"ts":1774895649000,"type":"trade","asset":"0x064d33e3f5703792aafa92bfb0ee10e08f461b1b34c02cc1f02671892ede1609a","price":0.24123473587208769,"size":82.9068,"side":"BUY","source":"data-api"}
{"ts":1774895649000,"type":"trade","asset":"0x064d33e3f5703792aafa92bfb0ee10e08f461b1b34c02cc1f02671892ede1609a","price":0.23166022365498415,"size":86.333332,"side":"BUY","source":"data-api"}
{"ts":1774895649000,"type":"trade","asset":"0x064d33e3f5703792aafa92bfb0ee10e08f461b1b34c02cc1f02671892ede1609a","price":0.6599999796922771,"size":1.969694,"side":"BUY","source":"data-api"}
{"ts":1774895649000,"type":"trade","asset":"0x064d33e3f5703792aafa92bfb0ee10e08f461b1b34c02cc1f02671892ede1609a","price":0.81,"size":5,"side":"BUY","source":"data-api"}
{"ts":1774895649000,"type":"trade","asset":"0x064d33e3f5703792aafa92bfb0ee10e08f461b1b34c02cc1f02671892ede1609a","price":0.16,"size":0.2,"side":"SELL","source":"data-api"}
{"ts":1774895649000,"type":"trade","asset":"0x064d33e3f5703792aafa92bfb0ee10e08f461b1b34c02cc1f02671892ede1609a","price":0.37185714285714283,"size":7,"side":"BUY","source":"data-api"}
{"ts":1774895649000,"type":"trade","asset":"0x064d33e3f5703792aafa92bfb0ee10e08f461b1b34c02cc1f02671892ede1609a","price":0.2396694214876033,"size":14.52,"side":"BUY","source":"data-api"}
{"ts":1774895649000,"type":"trade","asset":"0x064d33e3f5703792aafa92bfb0ee10e08f461b1b34c02cc1f02671892ede1609a","price":0.08,"size":38,"side":"BUY","source":"data-api"}
{"ts":1774895649000,"type":"trade","asset":"0x064d33e3f5703792aafa92bfb0ee10e08f461b1b34c02cc1f02671892ede1609a","price":0.79,"size":5,"side":"BUY","source":"data-api"}
{"ts":1774895649000,"type":"trade","asset":"0x064d33e3f5703792aafa92bfb0ee10e08f461b1b34c02cc1f02671892ede1609a","price":0.79,"size":15,"side":"BUY","source":"data-api"}
{"ts":1774895649000,"type":"trade","asset":"0x064d33e3f5703792aafa92bfb0ee10e08f461b1b34c02cc1f02671892ede1609a","price":0.79,"size":5,"side":"BUY","source":"data-api"}
{"ts":1774895649000,"type":"trade","asset":"0x064d33e3f5703792aafa92bfb0ee10e08f461b1b34c02cc1f02671892ede1609a","price":0.32,"size":10.3125,"side":"BUY","source":"data-api"}
{"ts":1774895649000,"type":"trade","asset":"0x064d33e3f5703792aafa92bfb0ee10e08f461b1b34c02cc1f02671892ede1609a","price":0.21,"size":5.97,"side":"SELL","source":"data-api"}
{"ts":1774895649000,"type":"trade","asset":"0x064d33e3f5703792aafa92bfb0ee10e08f461b1b34c02cc1f02671892ede1609a","price":0.7992007992007992,"size":62.5625,"side":"BUY","source":"data-api"}
{"ts":1774895649000,"type":"trade","asset":"0x064d33e3f5703792aafa92bfb0ee10e08f461b1b34c02cc1f02671892ede1609a","price":0.21,"size":0.49,"side":"SELL","source":"data-api"}
{"ts":1774895649000,"type":"trade","asset":"0x064d33e3f5703792aafa92bfb0ee10e08f461b1b34c02cc1f02671892ede1609a","price":0.6499997941665946,"size":4.615383,"side":"BUY","source":"data-api"}
{"ts":1774895649000,"type":"trade","asset":"0x064d33e3f5703792aafa92bfb0ee10e08f461b1b34c02cc1f02671892ede1609a","price":0.15,"size":0.2,"side":"SELL","source":"data-api"}
{"ts":1774895649000,"type":"trade","asset":"0x064d33e3f5703792aafa92bfb0ee10e08f461b1b34c02cc1f02671892ede1609a","price":0.68,"size":26.57,"side":"SELL","source":"data-api"}
{"ts":1774895649000,"type":"trade","asset":"0x064d33e3f5703792aafa92bfb0ee10e08f461b1b34c02cc1f02671892ede1609a","price":0.79,"size":5,"side":"BUY","source":"data-api"}
{"ts":1774895649000,"type":"trade","asset":"0x064d33e3f5703792aafa92bfb0ee10e08f461b1b34c02cc1f02671892ede1609a","price":0.8,"size":3.75,"side":"BUY","source":"data-api"}
{"ts":1774895651000,"type":"trade","asset":"0x064d33e3f5703792aafa92bfb0ee10e08f461b1b34c02cc1f02671892ede1609a","price":0.6199999602404755,"size":8.048386,"side":"BUY","source":"data-api"}
{"ts":1774895651000,"type":"trade","asset":"0x064d33e3f5703792aafa92bfb0ee10e08f461b1b34c02cc1f02671892ede1609a","price":0.35,"size":50,"side":"BUY","source":"data-api"}
{"ts":1774895651000,"type":"trade","asset":"0x064d33e3f5703792aafa92bfb0ee10e08f461b1b34c02cc1f02671892ede1609a","price":0.5799998259997042,"size":1.724135,"side":"BUY","source":"data-api"}
{"ts":1774895651000,"type":"trade","asset":"0x064d33e3f5703792aafa92bfb0ee10e08f461b1b34c02cc1f02671892ede1609a","price":0.76,"size":5,"side":"SELL","source":"data-api"}
{"ts":1774895651000,"type":"trade","asset":"0x064d33e3f5703792aafa92bfb0ee10e08f461b1b34c02cc1f02671892ede1609a","price":0.89,"size":1.1,"side":"BUY","source":"data-api"}
{"ts":1774895651000,"type":"trade","asset":"0x064d33e3f5703792aafa92bfb0ee10e08f461b1b34c02cc1f02671892ede1609a","price":0.6899999585999611,"size":1.449274,"side":"BUY","source":"data-api"}
{"ts":1774895651000,"type":"trade","asset":"0x064d33e3f5703792aafa92bfb0ee10e08f461b1b34c02cc1f02671892ede1609a","price":0.32,"size":3.125,"side":"BUY","source":"data-api"}
{"ts":1774895651000,"type":"trade","asset":"0x064d33e3f5703792aafa92bfb0ee10e08f461b1b34c02cc1f02671892ede1609a","price":0.21,"size":15.62,"side":"BUY","source":"data-api"}
{"ts":1774895651000,"type":"trade","asset":"0x064d33e3f5703792aafa92bfb0ee10e08f461b1b34c02cc1f02671892ede1609a","price":0.43999999207999974,"size":45.454544,"side":"BUY","source":"data-api"}
{"ts":1774895651000,"type":"trade","asset":"0x064d33e3f5703792aafa92bfb0ee10e08f461b1b34c02cc1f02671892ede1609a","price":0.8699999983172131,"size":5.942523,"side":"BUY","source":"data-api"}
{"ts":1774895651000,"type":"trade","asset":"0x064d33e3f5703792aafa92bfb0ee10e08f461b1b34c02cc1f02671892ede1609a","price":0.5799999013999182,"size":3.448273,"side":"BUY","source":"data-api"}
{"ts":1774895651000,"type":"trade","asset":"0x064d33e3f5703792aafa92bfb0ee10e08f461b1b34c02cc1f02671892ede1609a","price":0.38804893575335203,"size":64.734101,"side":"BUY","source":"data-api"}
{"ts":1774895651000,"type":"trade","asset":"0x064d33e3f5703792aafa92bfb0ee10e08f461b1b34c02cc1f02671892ede1609a","price":0.7799999756725107,"size":6.576922,"side":"BUY","source":"data-api"}
{"ts":1774895651000,"type":"trade","asset":"0x064d33e3f5703792aafa92bfb0ee10e08f461b1b34c02cc1f02671892ede1609a","price":0.7899999753894013,"size":4.06329,"side":"BUY","source":"data-api"}
{"ts":1774895651000,"type":"trade","asset":"0x064d33e3f5703792aafa92bfb0ee10e08f461b1b34c02cc1f02671892ede1609a","price":0.32,"size":6.25,"side":"BUY","source":"data-api"}
{"ts":1774895651000,"type":"trade","asset":"0x064d33e3f5703792aafa92bfb0ee10e08f461b1b34c02cc1f02671892ede1609a","price":0.6431784049504475,"size":10.261537,"side":"BUY","source":"data-api"}
{"ts":1774895651000,"type":"trade","asset":"0x064d33e3f5703792aafa92bfb0ee10e08f461b1b34c02cc1f02671892ede1609a","price":0.79,"size":7,"side":"BUY","source":"data-api"}
{"ts":1774895651000,"type":"trade","asset":"0x064d33e3f5703792aafa92bfb0ee10e08f461b1b34c02cc1f02671892ede1609a","price":0.9699999951499467,"size":2.061833,"side":"BUY","source":"data-api"}
{"ts":1774895659000,"type":"trade","asset":"0x064d33e3f5703792aafa92bfb0ee10e08f461b1b34c02cc1f02671892ede1609a","price":0.13,"size":2.91,"side":"SELL","source":"data-api"}
{"ts":1774895659000,"type":"trade","asset":"0x064d33e3f5703792aafa92bfb0ee10e08f461b1b34c02cc1f02671892ede1609a","price":0.86,"size":0.02,"side":"SELL","source":"data-api"}
{"ts":1774895659000,"type":"trade","asset":"0x064d33e3f5703792aafa92bfb0ee10e08f461b1b34c02cc1f02671892ede1609a","price":0.1399999906666665,"size":83.571427,"side":"BUY","source":"data-api"}
{"ts":1774895659000,"type":"trade","asset":"0x064d33e3f5703792aafa92bfb0ee10e08f461b1b34c02cc1f02671892ede1609a","price":0.869999998259999,"size":5.747123,"side":"BUY","source":"data-api"}
{"ts":1774895659000,"type":"trade","asset":"0x064d33e3f5703792aafa92bfb0ee10e08f461b1b34c02cc1f02671892ede1609a","price":0.96,"size":6.25,"side":"BUY","source":"data-api"}
{"ts":1774895659000,"type":"trade","asset":"0x064d33e3f5703792aafa92bfb0ee10e08f461b1b34c02cc1f02671892ede1609a","price":0.9,"size":0.2,"side":"SELL","source":"data-api"}
{"ts":1774895659000,"type":"trade","asset":"0x064d33e3f5703792aafa92bfb0ee10e08f461b1b34c02cc1f02671892ede1609a","price":0.313,"size":116.43,"side":"BUY","source":"data-api"}
{"ts":1774895659000,"type":"trade","asset":"0x064d33e3f5703792aafa92bfb0ee10e08f461b1b34c02cc1f02671892ede1609a","price":0.9,"size":5,"side":"SELL","source":"data-api"}
{"ts":1774895659000,"type":"trade","asset":"0x064d33e3f5703792aafa92bfb0ee10e08f461b1b34c02cc1f02671892ede1609a","price":0.96,"size":9.375,"side":"BUY","source":"data-api"}
{"ts":1774895659000,"type":"trade","asset":"0x064d33e3f5703792aafa92bfb0ee10e08f461b1b34c02cc1f02671892ede1609a","price":0.88,"size":5,"side":"BUY","source":"data-api"}
{"ts":1774895659000,"type":"trade","asset":"0x064d33e3f5703792aafa92bfb0ee10e08f461b1b34c02cc1f02671892ede1609a","price":0.9,"size":0.2,"side":"SELL","source":"data-api"}
{"ts":1774895659000,"type":"trade","asset":"0x064d33e3f5703792aafa92bfb0ee10e08f461b1b34c02cc1f02671892ede1609a","price":0.96,"size":9.375,"side":"BUY","source":"data-api"}
{"ts":1774895659000,"type":"trade","asset":"0x064d33e3f5703792aafa92bfb0ee10e08f461b1b34c02cc1f02671892ede1609a","price":0.86,"size":77.46,"side":"BUY","source":"data-api"}
{"ts":1774895659000,"type":"trade","asset":"0x064d33e3f5703792aafa92bfb0ee10e08f461b1b34c02cc1f02671892ede1609a","price":0.915,"size":10,"side":"BUY","source":"data-api"}
{"ts":1774895659000,"type":"trade","asset":"0x064d33e3f5703792aafa92bfb0ee10e08f461b1b34c02cc1f02671892ede1609a","price":0.9599999135999862,"size":8.333332,"side":"BUY","source":"data-api"}
{"ts":1774895659000,"type":"trade","asset":"0x064d33e3f5703792aafa92bfb0ee10e08f461b1b34c02cc1f02671892ede1609a","price":0.9599999135999862,"size":8.333332,"side":"BUY","source":"data-api"}
{"ts":1774895659000,"type":"trade","asset":"0x064d33e3f5703792aafa92bfb0ee10e08f461b1b34c02cc1f02671892ede1609a","price":0.88,"size":10,"side":"BUY","source":"data-api"}
{"ts":1774895659000,"type":"trade","asset":"0x064d33e3f5703792aafa92bfb0ee10e08f461b1b34c02cc1f02671892ede1609a","price":0.96,"size":9.375,"side":"BUY","source":"data-api"}
{"ts":1774895659000,"type":"trade","asset":"0x064d33e3f5703792aafa92bfb0ee10e08f461b1b34c02cc1f02671892ede1609a","price":0.96,"size":6.25,"side":"BUY","source":"data-api"}
{"ts":1774895659000,"type":"trade","asset":"0x064d33e3f5703792aafa92bfb0ee10e08f461b1b34c02cc1f02671892ede1609a","price":0.86,"size":10,"side":"BUY","source":"data-api"}
{"ts":1774895659000,"type":"trade","asset":"0x064d33e3f5703792aafa92bfb0ee10e08f461b1b34c02cc1f02671892ede1609a","price":0.9599998617599647,"size":5.208332,"side":"BUY","source":"data-api"}
{"ts":1774895659000,"type":"trade","asset":"0x064d33e3f5703792aafa92bfb0ee10e08f461b1b34c02cc1f02671892ede1609a","price":0.9599999615999939,"size":10.416665,"side":"BUY","source":"data-api"}
{"ts":1774895659000,"type":"trade","asset":"0x064d33e3f5703792aafa92bfb0ee10e08f461b1b34c02cc1f02671892ede1609a","price":0.89,"size":0.2,"side":"SELL","source":"data-api"}
{"ts":1774895659000,"type":"trade","asset":"0x064d33e3f5703792aafa92bfb0ee10e08f461b1b34c02cc1f02671892ede1609a","price":0.8,"size":10,"side":"BUY","source":"data-api"}
{"ts":1774895659000,"type":"trade","asset":"0x064d33e3f5703792aafa92bfb0ee10e08f461b1b34c02cc1f02671892ede1609a","price":0.9,"size":3.68888,"side":"BUY","source":"data-api"}
{"ts":1774895659000,"type":"trade","asset":"0x064d33e3f5703792aafa92bfb0ee10e08f461b1b34c02cc1f02671892ede1609a","price":0.10999997630769133,"size":35.454544,"side":"BUY","source":"data-api"}
{"ts":1774895659000,"type":"trade","asset":"0x064d33e3f5703792aafa92bfb0ee10e08f461b1b34c02cc1f02671892ede1609a","price":0.93,"size":0.2,"side":"SELL","source":"data-api"}
{"ts":1774895659000,"type":"trade","asset":"0x064d33e3f5703792aafa92bfb0ee10e08f461b1b34c02cc1f02671892ede1609a","price":0.9,"size":51.11111,"side":"BUY","source":"data-api"}
{"ts":1774895659000,"type":"trade","asset":"0x064d33e3f5703792aafa92bfb0ee10e08f461b1b34c02cc1f02671892ede1609a","price":0.9,"size":51.11111,"side":"BUY","source":"data-api"}
{"ts":1774895659000,"type":"trade","asset":"0x064d33e3f5703792aafa92bfb0ee10e08f461b1b34c02cc1f02671892ede1609a","price":0.28,"size":0.28,"side":"BUY","source":"data-api"}
{"ts":1774895659000,"type":"trade","asset":"0x064d33e3f5703792aafa92bfb0ee10e08f461b1b34c02cc1f02671892ede1609a","price":0.96,"size":23.23,"side":"SELL","source":"data-api"}
{"ts":1774895659000,"type":"trade","asset":"0x064d33e3f5703792aafa92bfb0ee10e08f461b1b34c02cc1f02671892ede1609a","price":0.8999999119565112,"size":10.222221,"side":"BUY","source":"data-api"}
{"ts":1774895659000,"type":"trade","asset":"0x064d33e3f5703792aafa92bfb0ee10e08f461b1b34c02cc1f02671892ede1609a","price":0.28,"size":70,"side":"BUY","source":"data-api"}
{"ts":1774895659000,"type":"trade","asset":"0x064d33e3f5703792aafa92bfb0ee10e08f461b1b34c02cc1f02671892ede1609a","price":0.9199997055998587,"size":2.71739,"side":"BUY","source":"data-api"}
{"ts":1774895659000,"type":"trade","asset":"0x064d33e3f5703792aafa92bfb0ee10e08f461b1b34c02cc1f02671892ede1609a","price":0.10999990319998838,"size":9.090908,"side":"BUY","source":"data-api"}
{"ts":1774895659000,"type":"trade","asset":"0x064d33e3f5703792aafa92bfb0ee10e08f461b1b34c02cc1f02671892ede1609a","price":0.68,"size":5,"side":"BUY","source":"data-api"}
{"ts":1774895659000,"type":"trade","asset":"0x064d33e3f5703792aafa92bfb0ee10e08f461b1b34c02cc1f02671892ede1609a","price":0.78,"size":15,"side":"BUY","source":"data-api"}
{"ts":1774895659000,"type":"trade","asset":"0x064d33e3f5703792aafa92bfb0ee10e08f461b1b34c02cc1f02671892ede1609a","price":0.9,"size":51.11111,"side":"BUY","source":"data-api"}
{"ts":1774895659000,"type":"trade","asset":"0x064d33e3f5703792aafa92bfb0ee10e08f461b1b34c02cc1f02671892ede1609a","price":0.11,"size":10,"side":"BUY","source":"data-api"}
{"ts":1774895659000,"type":"trade","asset":"0x064d33e3f5703792aafa92bfb0ee10e08f461b1b34c02cc1f02671892ede1609a","price":0.96,"size":9.375,"side":"BUY","source":"data-api"}
{"ts":1774895659000,"type":"trade","asset":"0x064d33e3f5703792aafa92bfb0ee10e08f461b1b34c02cc1f02671892ede1609a","price":0.12999989859997768,"size":7.692306,"side":"BUY","source":"data-api"}
{"ts":1774895659000,"type":"trade","asset":"0x064d33e3f5703792aafa92bfb0ee10e08f461b1b34c02cc1f02671892ede1609a","price":0.9599999615999939,"size":10.416665,"side":"BUY","source":"data-api"}
{"ts":1774895659000,"type":"trade","asset":"0x064d33e3f5703792aafa92bfb0ee10e08f461b1b34c02cc1f02671892ede1609a","price":0.9599999135999862,"size":8.333332,"side":"BUY","source":"data-api"}
{"ts":1774895659000,"type":"trade","asset":"0x064d33e3f5703792aafa92bfb0ee10e08f461b1b34c02cc1f02671892ede1609a","price":0.989,"size":150,"side":"BUY","source":"data-api"}
{"ts":1774895659000,"type":"trade","asset":"0x064d33e3f5703792aafa92bfb0ee10e08f461b1b34c02cc1f02671892ede1609a","price":0.989,"size":171,"side":"BUY","source":"data-api"}
{"ts":1774895659000,"type":"trade","asset":"0x064d33e3f5703792aafa92bfb0ee10e08f461b1b34c02cc1f02671892ede1609a","price":0.89,"size":7,"side":"SELL","source":"data-api"}
{"ts":1774895659000,"type":"trade","asset":"0x064d33e3f5703792aafa92bfb0ee10e08f461b1b34c02cc1f02671892ede1609a","price":0.94,"size":0.64,"side":"BUY","source":"data-api"}
{"ts":1774895659000,"type":"trade","asset":"0x064d33e3f5703792aafa92bfb0ee10e08f461b1b34c02cc1f02671892ede1609a","price":0.82,"size":5,"side":"BUY","source":"data-api"}
{"ts":1774895659000,"type":"trade","asset":"0x064d33e3f5703792aafa92bfb0ee10e08f461b1b34c02cc1f02671892ede1609a","price":0.5399999902799992,"size":18.518517,"side":"BUY","source":"data-api"}
{"ts":1774895659000,"type":"trade","asset":"0x064d33e3f5703792aafa92bfb0ee10e08f461b1b34c02cc1f02671892ede1609a","price":0.18,"size":5,"side":"BUY","source":"data-api"}
{"ts":1774895659000,"type":"trade","asset":"0x064d33e3f5703792aafa92bfb0ee10e08f461b1b34c02cc1f02671892ede1609a","price":0.9,"size":10.86,"side":"BUY","source":"data-api"}
{"ts":1774895659000,"type":"trade","asset":"0x064d33e3f5703792aafa92bfb0ee10e08f461b1b34c02cc1f02671892ede1609a","price":0.8299999565237497,"size":2.530117,"side":"BUY","source":"data-api"}
{"ts":1774895659000,"type":"trade","asset":"0x064d33e3f5703792aafa92bfb0ee10e08f461b1b34c02cc1f02671892ede1609a","price":0.11,"size":20,"side":"BUY","source":"data-api"}
{"ts":1774895659000,"type":"trade","asset":"0x064d33e3f5703792aafa92bfb0ee10e08f461b1b34c02cc1f02671892ede1609a","price":0.78,"size":15,"side":"BUY","source":"data-api"}
{"ts":1774895659000,"type":"trade","asset":"0x064d33e3f5703792aafa92bfb0ee10e08f461b1b34c02cc1f02671892ede1609a","price":0.8799999647998255,"size":1.136358,"side":"BUY","source":"data-api"}
{"ts":1774895659000,"type":"trade","asset":"0x064d33e3f5703792aafa92bfb0ee10e08f461b1b34c02cc1f02671892ede1609a","price":0.9599999451428446,"size":7.291665,"side":"BUY","source":"data-api"}
{"ts":1774895659000,"type":"trade","asset":"0x064d33e3f5703792aafa92bfb0ee10e08f461b1b34c02cc1f02671892ede1609a","price":0.96,"size":9.375,"side":"BUY","source":"data-api"}
{"ts":1774895659000,"type":"trade","asset":"0x064d33e3f5703792aafa92bfb0ee10e08f461b1b34c02cc1f02671892ede1609a","price":0.9399999962399888,"size":5.319133,"side":"BUY","source":"data-api"}
{"ts":1774895659000,"type":"trade","asset":"0x064d33e3f5703792aafa92bfb0ee10e08f461b1b34c02cc1f02671892ede1609a","price":0.9,"size":2.22,"side":"BUY","source":"data-api"}
{"ts":1774895659000,"type":"trade","asset":"0x064d33e3f5703792aafa92bfb0ee10e08f461b1b34c02cc1f02671892ede1609a","price":0.11,"size":20,"side":"BUY","source":"data-api"}
{"ts":1774895659000,"type":"trade","asset":"0x064d33e3f5703792aafa92bfb0ee10e08f461b1b34c02cc1f02671892ede1609a","price":0.6199998511998869,"size":1.612902,"side":"BUY","source":"data-api"}
{"ts":1774895659000,"type":"trade","asset":"0x064d33e3f5703792aafa92bfb0ee10e08f461b1b34c02cc1f02671892ede1609a","price":0.89,"size":1.58,"side":"SELL","source":"data-api"}
{"ts":1774895659000,"type":"trade","asset":"0x064d33e3f5703792aafa92bfb0ee10e08f461b1b34c02cc1f02671892ede1609a","price":0.84,"size":7,"side":"BUY","source":"data-api"}
{"ts":1774895659000,"type":"trade","asset":"0x064d33e3f5703792aafa92bfb0ee10e08f461b1b34c02cc1f02671892ede1609a","price":0.9599999135999862,"size":8.333332,"side":"BUY","source":"data-api"}
{"ts":1774895659000,"type":"trade","asset":"0x064d33e3f5703792aafa92bfb0ee10e08f461b1b34c02cc1f02671892ede1609a","price":0.8817275923048599,"size":6.05629,"side":"BUY","source":"data-api"}
{"ts":1774895659000,"type":"trade","asset":"0x064d33e3f5703792aafa92bfb0ee10e08f461b1b34c02cc1f02671892ede1609a","price":0.979,"size":10.29,"side":"SELL","source":"data-api"}
{"ts":1774895659000,"type":"trade","asset":"0x064d33e3f5703792aafa92bfb0ee10e08f461b1b34c02cc1f02671892ede1609a","price":0.9399999962399888,"size":5.319133,"side":"BUY","source":"data-api"}
{"ts":1774895659000,"type":"trade","asset":"0x064d33e3f5703792aafa92bfb0ee10e08f461b1b34c02cc1f02671892ede1609a","price":0.9399999962399888,"size":5.319133,"side":"BUY","source":"data-api"}
{"ts":1774895659000,"type":"trade","asset":"0x064d33e3f5703792aafa92bfb0ee10e08f461b1b34c02cc1f02671892ede1609a","price":0.94,"size":5,"side":"BUY","source":"data-api"}
{"ts":1774895659000,"type":"trade","asset":"0x064d33e3f5703792aafa92bfb0ee10e08f461b1b34c02cc1f02671892ede1609a","price":0.9599998617599647,"size":5.208332,"side":"BUY","source":"data-api"}
{"ts":1774895661000,"type":"trade","asset":"0x064d33e3f5703792aafa92bfb0ee10e08f461b1b34c02cc1f02671892ede1609a","price":0.24970534605850003,"size":123.185184,"side":"BUY","source":"data-api"}
{"ts":1774895661000,"type":"trade","asset":"0x064d33e3f5703792aafa92bfb0ee10e08f461b1b34c02cc1f02671892ede1609a","price":0.9499995249992875,"size":1.05263,"side":"BUY","source":"data-api"}
{"ts":1774895661000,"type":"trade","asset":"0x064d33e3f5703792aafa92bfb0ee10e08f461b1b34c02cc1f02671892ede1609a","price":0.92,"size":0.2,"side":"SELL","source":"data-api"}
{"ts":1774895661000,"type":"trade","asset":"0x064d33e3f5703792aafa92bfb0ee10e08f461b1b34c02cc1f02671892ede1609a","price":0.9,"size":4.4,"side":"BUY","source":"data-api"}
{"ts":1774895661000,"type":"trade","asset":"0x064d33e3f5703792aafa92bfb0ee10e08f461b1b34c02cc1f02671892ede1609a","price":0.9,"size":5.55555,"side":"BUY","source":"data-api"}
{"ts":1774895661000,"type":"trade","asset":"0x064d33e3f5703792aafa92bfb0ee10e08f461b1b34c02cc1f02671892ede1609a","price":0.995,"size":72.7638,"side":"BUY","source":"data-api"}
{"ts":1774895661000,"type":"trade","asset":"0x064d33e3f5703792aafa92bfb0ee10e08f461b1b34c02cc1f02671892ede1609a","price":0.9,"size":5.4,"side":"BUY","source":"data-api"}
{"ts":1774895661000,"type":"trade","asset":"0x064d33e3f5703792aafa92bfb0ee10e08f461b1b34c02cc1f02671892ede1609a","price":0.1,"size":7.34,"side":"SELL","source":"data-api"}
{"ts":1774895661000,"type":"trade","asset":"0x064d33e3f5703792aafa92bfb0ee10e08f461b1b34c02cc1f02671892ede1609a","price":0.9599998617599647,"size":5.208332,"side":"BUY","source":"data-api"}
{"ts":1774895661000,"type":"trade","asset":"0x064d33e3f5703792aafa92bfb0ee10e08f461b1b34c02cc1f02671892ede1609a","price":0.9,"size":1.11111,"side":"BUY","source":"data-api"}
{"ts":1774895661000,"type":"trade","asset":"0x064d33e3f5703792aafa92bfb0ee10e08f461b1b34c02cc1f02671892ede1609a","price":0.96,"size":9.375,"side":"BUY","source":"data-api"}
{"ts":1774895661000,"type":"trade","asset":"0x064d33e3f5703792aafa92bfb0ee10e08f461b1b34c02cc1f02671892ede1609a","price":0.1239078947368421,"size":98.8,"side":"BUY","source":"data-api"}
{"ts":1774895661000,"type":"trade","asset":"0x064d33e3f5703792aafa92bfb0ee10e08f461b1b34c02cc1f02671892ede1609a","price":0.62,"size":1.77,"side":"BUY","source":"data-api"}
{"ts":1774895661000,"type":"trade","asset":"0x064d33e3f5703792aafa92bfb0ee10e08f461b1b34c02cc1f02671892ede1609a","price":0.39,"size":3.01,"side":"SELL","source":"data-api"}
{"ts":1774895661000,"type":"trade","asset":"0x064d33e3f5703792aafa92bfb0ee10e08f461b1b34c02cc1f02671892ede1609a","price":0.11271926040798784,"size":262.954165,"side":"BUY","source":"data-api"}
{"ts":1774895661000,"type":"trade","asset":"0x064d33e3f5703792aafa92bfb0ee10e08f461b1b34c02cc1f02671892ede1609a","price":0.96,"size":6.25,"side":"BUY","source":"data-api"}
{"ts":1774895661000,"type":"trade","asset":"0x064d33e3f5703792aafa92bfb0ee10e08f461b1b34c02cc1f02671892ede1609a","price":0.71,"size":14,"side":"BUY","source":"data-api"}
{"ts":1774895661000,"type":"trade","asset":"0x064d33e3f5703792aafa92bfb0ee10e08f461b1b34c02cc1f02671892ede1609a","price":0.31,"size":5.17,"side":"SELL","source":"data-api"}
{"ts":1774895661000,"type":"trade","asset":"0x064d33e3f5703792aafa92bfb0ee10e08f461b1b34c02cc1f02671892ede1609a","price":0.896125,"size":8,"side":"BUY","source":"data-api"}
{"ts":1774895661000,"type":"trade","asset":"0x064d33e3f5703792aafa92bfb0ee10e08f461b1b34c02cc1f02671892ede1609a","price":0.89,"size":50,"side":"BUY","source":"data-api"}
{"ts":1774895661000,"type":"trade","asset":"0x064d33e3f5703792aafa92bfb0ee10e08f461b1b34c02cc1f02671892ede1609a","price":0.96,"size":9.375,"side":"BUY","source":"data-api"}
{"ts":1774895661000,"type":"trade","asset":"0x064d33e3f5703792aafa92bfb0ee10e08f461b1b34c02cc1f02671892ede1609a","price":0.29,"size":5.89,"side":"SELL","source":"data-api"}
{"ts":1774895661000,"type":"trade","asset":"0x064d33e3f5703792aafa92bfb0ee10e08f461b1b34c02cc1f02671892ede1609a","price":0.96,"size":9.375,"side":"BUY","source":"data-api"}
{"ts":1774895661000,"type":"trade","asset":"0x064d33e3f5703792aafa92bfb0ee10e08f461b1b34c02cc1f02671892ede1609a","price":0.96,"size":9.375,"side":"BUY","source":"data-api"}
{"ts":1774895661000,"type":"trade","asset":"0x064d33e3f5703792aafa92bfb0ee10e08f461b1b34c02cc1f02671892ede1609a","price":0.9599999451428446,"size":7.291665,"side":"BUY","source":"data-api"}
{"ts":1774895661000,"type":"trade","asset":"0x064d33e3f5703792aafa92bfb0ee10e08f461b1b34c02cc1f02671892ede1609a","price":0.9599999451428446,"size":7.291665,"side":"BUY","source":"data-api"}
{"ts":1774895661000,"type":"trade","asset":"0x064d33e3f5703792aafa92bfb0ee10e08f461b1b34c02cc1f02671892ede1609a","price":0.89,"size":6,"side":"BUY","source":"data-api"}
{"ts":1774895661000,"type":"trade","asset":"0x064d33e3f5703792aafa92bfb0ee10e08f461b1b34c02cc1f02671892ede1609a","price":0.9599999451428446,"size":7.291665,"side":"BUY","source":"data-api"}
{"ts":1774895661000,"type":"trade","asset":"0x064d33e3f5703792aafa92bfb0ee10e08f461b1b34c02cc1f02671892ede1609a","price":0.185,"size":10,"side":"BUY","source":"data-api"}
{"ts":1774895661000,"type":"trade","asset":"0x064d33e3f5703792aafa92bfb0ee10e08f461b1b34c02cc1f02671892ede1609a","price":0.9199999920860046,"size":5.054337,"side":"BUY","source":"data-api"}
{"ts":1774895663000,"type":"trade","asset":"0x064d33e3f5703792aafa92bfb0ee10e08f461b1b34c02cc1f02671892ede1609a","price":0.8599999139995786,"size":1.162785,"side":"BUY","source":"data-api"}
{"ts":1774895663000,"type":"trade","asset":"0x064d33e3f5703792aafa92bfb0ee10e08f461b1b34c02cc1f02671892ede1609a","price":0.9599998617599647,"size":5.208332,"side":"BUY","source":"data-api"}
{"ts":1774895663000,"type":"trade","asset":"0x064d33e3f5703792aafa92bfb0ee10e08f461b1b34c02cc1f02671892ede1609a","price":0.9599998617599647,"size":5.208332,"side":"BUY","source":"data-api"}
{"ts":1774895663000,"type":"trade","asset":"0x064d33e3f5703792aafa92bfb0ee10e08f461b1b34c02cc1f02671892ede1609a","price":0.9025882552613713,"size":58.92,"side":"SELL","source":"data-api"}
{"ts":1774895663000,"type":"trade","asset":"0x064d33e3f5703792aafa92bfb0ee10e08f461b1b34c02cc1f02671892ede1609a","price":0.9099999837913324,"size":4.318677,"side":"BUY","source":"data-api"}
{"ts":1774895663000,"type":"trade","asset":"0x064d33e3f5703792aafa92bfb0ee10e08f461b1b34c02cc1f02671892ede1609a","price":0.8699999900726081,"size":11.080453,"side":"BUY","source":"data-api"}
{"ts":1774895663000,"type":"trade","asset":"0x064d33e3f5703792aafa92bfb0ee10e08f461b1b34c02cc1f02671892ede1609a","price":0.9099999338180061,"size":1.208788,"side":"BUY","source":"data-api"}
{"ts":1774895663000,"type":"trade","asset":"0x064d33e3f5703792aafa92bfb0ee10e08f461b1b34c02cc1f02671892ede1609a","price":0.8599999311998404,"size":1.453485,"side":"BUY","source":"data-api"}
{"ts":1774895663000,"type":"trade","asset":"0x064d33e3f5703792aafa92bfb0ee10e08f461b1b34c02cc1f02671892ede1609a","price":0.8599999139995786,"size":1.162785,"side":"BUY","source":"data-api"}
{"ts":1774895663000,"type":"trade","asset":"0x064d33e3f5703792aafa92bfb0ee10e08f461b1b34c02cc1f02671892ede1609a","price":0.106,"size":20,"side":"BUY","source":"data-api"}
{"ts":1774895663000,"type":"trade","asset":"0x064d33e3f5703792aafa92bfb0ee10e08f461b1b34c02cc1f02671892ede1609a","price":0.14,"size":5,"side":"SELL","source":"data-api"}
{"ts":1774895663000,"type":"trade","asset":"0x064d33e3f5703792aafa92bfb0ee10e08f461b1b34c02cc1f02671892ede1609a","price":0.8599999139995786,"size":1.162785,"side":"BUY","source":"data-api"}
{"ts":1774895663000,"type":"trade","asset":"0x064d33e3f5703792aafa92bfb0ee10e08f461b1b34c02cc1f02671892ede1609a","price":0.89,"size":0.2,"side":"SELL","source":"data-api"}
{"ts":1774895663000,"type":"trade","asset":"0x064d33e3f5703792aafa92bfb0ee10e08f461b1b34c02cc1f02671892ede1609a","price":0.17999997551999844,"size":27.777776,"side":"BUY","source":"data-api"}
{"ts":1774895663000,"type":"trade","asset":"0x064d33e3f5703792aafa92bfb0ee10e08f461b1b34c02cc1f02671892ede1609a","price":0.6799999921159399,"size":5.073528,"side":"BUY","source":"data-api"}
{"ts":1774895663000,"type":"trade","asset":"0x064d33e3f5703792aafa92bfb0ee10e08f461b1b34c02cc1f02671892ede1609a","price":0.7299999221332378,"size":2.054792,"side":"BUY","source":"data-api"}
{"ts":1774895663000,"type":"trade","asset":"0x064d33e3f5703792aafa92bfb0ee10e08f461b1b34c02cc1f02671892ede1609a","price":0.9099999829906227,"size":4.703288,"side":"BUY","source":"data-api"}
{"ts":1774895663000,"type":"trade","asset":"0x064d33e3f5703792aafa92bfb0ee10e08f461b1b34c02cc1f02671892ede1609a","price":0.999,"size":1.72,"side":"SELL","source":"data-api"}
{"ts":1774895663000,"type":"trade","asset":"0x064d33e3f5703792aafa92bfb0ee10e08f461b1b34c02cc1f02671892ede1609a","price":0.18,"size":10,"side":"BUY","source":"data-api"}
{"ts":1774895663000,"type":"trade","asset":"0x064d33e3f5703792aafa92bfb0ee10e08f461b1b34c02cc1f02671892ede1609a","price":0.144315,"size":60,"side":"BUY","source":"data-api"}
{"ts":1774895663000,"type":"trade","asset":"0x064d33e3f5703792aafa92bfb0ee10e08f461b1b34c02cc1f02671892ede1609a","price":0.9,"size":22.22222,"side":"BUY","source":"data-api"}
{"ts":1774895663000,"type":"trade","asset":"0x064d33e3f5703792aafa92bfb0ee10e08f461b1b34c02cc1f02671892ede1609a","price":0.47999991272720927,"size":2.291665,"side":"BUY","source":"data-api"}
{"ts":1774895663000,"type":"trade","asset":"0x064d33e3f5703792aafa92bfb0ee10e08f461b1b34c02cc1f02671892ede1609a","price":0.92,"size":8.684775,"side":"BUY","source":"data-api"}
{"ts":1774895663000,"type":"trade","asset":"0x064d33e3f5703792aafa92bfb0ee10e08f461b1b34c02cc1f02671892ede1609a","price":0.64,"size":5,"side":"BUY","source":"data-api"}
{"ts":1774895663000,"type":"trade","asset":"0x064d33e3f5703792aafa92bfb0ee10e08f461b1b34c02cc1f02671892ede1609a","price":0.2,"size":10,"side":"BUY","source":"data-api"}
{"ts":1774895663000,"type":"trade","asset":"0x064d33e3f5703792aafa92bfb0ee10e08f461b1b34c02cc1f02671892ede1609a","price":0.99,"size":1.0101,"side":"BUY","source":"data-api"}
{"ts":1774895663000,"type":"trade","asset":"0x064d33e3f5703792aafa92bfb0ee10e08f461b1b34c02cc1f02671892ede1609a","price":0.9399999623995127,"size":1.063816,"side":"BUY","source":"data-api"}
{"ts":1774895663000,"type":"trade","asset":"0x064d33e3f5703792aafa92bfb0ee10e08f461b1b34c02cc1f02671892ede1609a","price":0.9599999451428446,"size":7.291665,"side":"BUY","source":"data-api"}
{"ts":1774895663000,"type":"trade","asset":"0x064d33e3f5703792aafa92bfb0ee10e08f461b1b34c02cc1f02671892ede1609a","price":0.07,"size":20,"side":"BUY","source":"data-api"}
{"ts":1774895663000,"type":"trade","asset":"0x064d33e3f5703792aafa92bfb0ee10e08f461b1b34c02cc1f02671892ede1609a","price":0.86,"size":5.4,"side":"BUY","source":"data-api"}
{"ts":1774895663000,"type":"trade","asset":"0x064d33e3f5703792aafa92bfb0ee10e08f461b1b34c02cc1f02671892ede1609a","price":0.88999995549998,"size":2.24719,"side":"BUY","source":"data-api"}
{"ts":1774895663000,"type":"trade","asset":"0x064d33e3f5703792aafa92bfb0ee10e08f461b1b34c02cc1f02671892ede1609a","price":0.17,"size":15,"side":"BUY","source":"data-api"}
{"ts":1774895663000,"type":"trade","asset":"0x064d33e3f5703792aafa92bfb0ee10e08f461b1b34c02cc1f02671892ede1609a","price":0.1779774964393369,"size":24.722221,"side":"BUY","source":"data-api"}
{"ts":1774895663000,"type":"trade","asset":"0x064d33e3f5703792aafa92bfb0ee10e08f461b1b34c02cc1f02671892ede1609a","price":0.9,"size":10.82,"side":"SELL","source":"data-api"}
{"ts":1774895663000,"type":"trade","asset":"0x064d33e3f5703792aafa92bfb0ee10e08f461b1b34c02cc1f02671892ede1609a","price":0.8431372284505756,"size":5.930228,"side":"BUY","source":"data-api"}
{"ts":1774895663000,"type":"trade","asset":"0x064d33e3f5703792aafa92bfb0ee10e08f461b1b34c02cc1f02671892ede1609a","price":0.8899999109995639,"size":1.12359,"side":"BUY","source":"data-api"}
{"ts":1774895663000,"type":"trade","asset":"0x064d33e3f5703792aafa92bfb0ee10e08f461b1b34c02cc1f02671892ede1609a","price":0.18,"size":60,"side":"BUY","source":"data-api"}
{"ts":1774895663000,"type":"trade","asset":"0x064d33e3f5703792aafa92bfb0ee10e08f461b1b34c02cc1f02671892ede1609a","price":0.04,"size":50,"side":"BUY","source":"data-api"}
{"ts":1774895663000,"type":"trade","asset":"0x064d33e3f5703792aafa92bfb0ee10e08f461b1b34c02cc1f02671892ede1609a","price":0.18,"size":10,"side":"BUY","source":"data-api"}
{"ts":1774895663000,"type":"trade","asset":"0x064d33e3f5703792aafa92bfb0ee10e08f461b1b34c02cc1f02671892ede1609a","price":0.12,"size":10,"side":"BUY","source":"data-api"}
{"ts":1774895663000,"type":"trade","asset":"0x064d33e3f5703792aafa92bfb0ee10e08f461b1b34c02cc1f02671892ede1609a","price":0.18,"size":10,"side":"BUY","source":"data-api"}
{"ts":1774895663000,"type":"trade","asset":"0x064d33e3f5703792aafa92bfb0ee10e08f461b1b34c02cc1f02671892ede1609a","price":0.040014405185866915,"size":49.982,"side":"BUY","source":"data-api"}
{"ts":1774895663000,"type":"trade","asset":"0x064d33e3f5703792aafa92bfb0ee10e08f461b1b34c02cc1f02671892ede1609a","price":0.68,"size":2.941175,"side":"BUY","source":"data-api"}
{"ts":1774895663000,"type":"trade","asset":"0x064d33e3f5703792aafa92bfb0ee10e08f461b1b34c02cc1f02671892ede1609a","price":0.8899999946599995,"size":11.235954,"side":"BUY","source":"data-api"}
{"ts":1774895663000,"type":"trade","asset":"0x064d33e3f5703792aafa92bfb0ee10e08f461b1b34c02cc1f02671892ede1609a","price":0.985,"size":107,"side":"BUY","source":"data-api"}
{"ts":1774895663000,"type":"trade","asset":"0x064d33e3f5703792aafa92bfb0ee10e08f461b1b34c02cc1f02671892ede1609a","price":0.8899999772958958,"size":2.202245,"side":"BUY","source":"data-api"}
{"ts":1774895663000,"type":"trade","asset":"0x064d33e3f5703792aafa92bfb0ee10e08f461b1b34c02cc1f02671892ede1609a","price":0.994,"size":73.5915,"side":"BUY","source":"data-api"}
{"ts":1774895663000,"type":"trade","asset":"0x064d33e3f5703792aafa92bfb0ee10e08f461b1b34c02cc1f02671892ede1609a","price":0.11,"size":5.89,"side":"SELL","source":"data-api"}
{"ts":1774895663000,"type":"trade","asset":"0x064d33e3f5703792aafa92bfb0ee10e08f461b1b34c02cc1f02671892ede1609a","price":0.13,"size":2.13,"side":"SELL","source":"data-api"}
{"ts":1774895663000,"type":"trade","asset":"0x064d33e3f5703792aafa92bfb0ee10e08f461b1b34c02cc1f02671892ede1609a","price":0.13,"size":139.32,"side":"SELL","source":"data-api"}
{"ts":1774895663000,"type":"trade","asset":"0x064d33e3f5703792aafa92bfb0ee10e08f461b1b34c02cc1f02671892ede1609a","price":0.889999940666552,"size":1.68539,"side":"BUY","source":"data-api"}
{"ts":1774895663000,"type":"trade","asset":"0x064d33e3f5703792aafa92bfb0ee10e08f461b1b34c02cc1f02671892ede1609a","price":0.985,"size":77,"side":"BUY","source":"data-api"}
{"ts":1774895663000,"type":"trade","asset":"0x064d33e3f5703792aafa92bfb0ee10e08f461b1b34c02cc1f02671892ede1609a","price":0.17175,"size":30,"side":"BUY","source":"data-api"}
{"ts":1774895663000,"type":"trade","asset":"0x064d33e3f5703792aafa92bfb0ee10e08f461b1b34c02cc1f02671892ede1609a","price":0.9699999951499467,"size":2.061833,"side":"BUY","source":"data-api"}
{"ts":1774895663000,"type":"trade","asset":"0x064d33e3f5703792aafa92bfb0ee10e08f461b1b34c02cc1f02671892ede1609a","price":0.17,"size":30,"side":"BUY","source":"data-api"}
{"ts":1774895663000,"type":"trade","asset":"0x064d33e3f5703792aafa92bfb0ee10e08f461b1b34c02cc1f02671892ede1609a","price":0.92,"size":1.08695,"side":"BUY","source":"data-api"}
{"ts":1774895663000,"type":"trade","asset":"0x064d33e3f5703792aafa92bfb0ee10e08f461b1b34c02cc1f02671892ede1609a","price":0.07,"size":11.8,"side":"BUY","source":"data-api"}
{"ts":1774895663000,"type":"trade","asset":"0x064d33e3f5703792aafa92bfb0ee10e08f461b1b34c02cc1f02671892ede1609a","price":0.33,"size":7,"side":"BUY","source":"data-api"}
{"ts":1774895663000,"type":"trade","asset":"0x064d33e3f5703792aafa92bfb0ee10e08f461b1b34c02cc1f02671892ede1609a","price":0.89,"size":20,"side":"BUY","source":"data-api"}
{"ts":1774895663000,"type":"trade","asset":"0x064d33e3f5703792aafa92bfb0ee10e08f461b1b34c02cc1f02671892ede1609a","price":0.07,"size":38,"side":"BUY","source":"data-api"}
{"ts":1774895663000,"type":"trade","asset":"0x064d33e3f5703792aafa92bfb0ee10e08f461b1b34c02cc1f02671892ede1609a","price":0.4,"size":5,"side":"BUY","source":"data-api"}
{"ts":1774895663000,"type":"trade","asset":"0x064d33e3f5703792aafa92bfb0ee10e08f461b1b34c02cc1f02671892ede1609a","price":0.32,"size":12.34,"side":"BUY","source":"data-api"}
{"ts":1774895663000,"type":"trade","asset":"0x064d33e3f5703792aafa92bfb0ee10e08f461b1b34c02cc1f02671892ede1609a","price":0.47999991272720927,"size":2.291665,"side":"BUY","source":"data-api"}
{"ts":1774895663000,"type":"trade","asset":"0x064d33e3f5703792aafa92bfb0ee10e08f461b1b34c02cc1f02671892ede1609a","price":0.32,"size":3.125,"side":"BUY","source":"data-api"}
{"ts":1774895663000,"type":"trade","asset":"0x064d33e3f5703792aafa92bfb0ee10e08f461b1b34c02cc1f02671892ede1609a","price":0.9599999615999939,"size":10.416665,"side":"BUY","source":"data-api"}
{"ts":1774895663000,"type":"trade","asset":"0x064d33e3f5703792aafa92bfb0ee10e08f461b1b34c02cc1f02671892ede1609a","price":0.69,"size":14.78,"side":"BUY","source":"data-api"}
{"ts":1774895663000,"type":"trade","asset":"0x064d33e3f5703792aafa92bfb0ee10e08f461b1b34c02cc1f02671892ede1609a","price":0.93,"size":0.2,"side":"SELL","source":"data-api"}
{"ts":1774895663000,"type":"trade","asset":"0x064d33e3f5703792aafa92bfb0ee10e08f461b1b34c02cc1f02671892ede1609a","price":0.8899999109995639,"size":1.12359,"side":"BUY","source":"data-api"}
{"ts":1774895663000,"type":"trade","asset":"0x064d33e3f5703792aafa92bfb0ee10e08f461b1b34c02cc1f02671892ede1609a","price":0.94,"size":10,"side":"BUY","source":"data-api"}
{"ts":1774895663000,"type":"trade","asset":"0x064d33e3f5703792aafa92bfb0ee10e08f461b1b34c02cc1f02671892ede1609a","price":0.3317719584209903,"size":6.028234,"side":"BUY","source":"data-api"}
{"ts":1774895663000,"type":"trade","asset":"0x064d33e3f5703792aafa92bfb0ee10e08f461b1b34c02cc1f02671892ede1609a","price":0.8899999982199994,"size":16.853927,"side":"BUY","source":"data-api"}
{"ts":1774895663000,"type":"trade","asset":"0x064d33e3f5703792aafa92bfb0ee10e08f461b1b34c02cc1f02671892ede1609a","price":0.95,"size":5,"side":"BUY","source":"data-api"}
{"ts":1774895663000,"type":"trade","asset":"0x064d33e3f5703792aafa92bfb0ee10e08f461b1b34c02cc1f02671892ede1609a","price":0.89,"size":5,"side":"BUY","source":"data-api"}
{"ts":1774895663000,"type":"trade","asset":"0x064d33e3f5703792aafa92bfb0ee10e08f461b1b34c02cc1f02671892ede1609a","price":0.9599998617599647,"size":5.208332,"side":"BUY","source":"data-api"}
{"ts":1774895663000,"type":"trade","asset":"0x064d33e3f5703792aafa92bfb0ee10e08f461b1b34c02cc1f02671892ede1609a","price":0.015,"size":1800,"side":"BUY","source":"data-api"}
{"ts":1774895663000,"type":"trade","asset":"0x064d33e3f5703792aafa92bfb0ee10e08f461b1b34c02cc1f02671892ede1609a","price":0.91,"size":5.4945,"side":"BUY","source":"data-api"}
{"ts":1774895663000,"type":"trade","asset":"0x064d33e3f5703792aafa92bfb0ee10e08f461b1b34c02cc1f02671892ede1609a","price":0.87,"size":9.62,"side":"SELL","source":"data-api"}
{"ts":1774895663000,"type":"trade","asset":"0x064d33e3f5703792aafa92bfb0ee10e08f461b1b34c02cc1f02671892ede1609a","price":0.9,"size":5.55555,"side":"BUY","source":"data-api"}
{"ts":1774895663000,"type":"trade","asset":"0x064d33e3f5703792aafa92bfb0ee10e08f461b1b34c02cc1f02671892ede1609a","price":0.94,"size":5,"side":"BUY","source":"data-api"}
{"ts":1774895663000,"type":"trade","asset":"0x064d33e3f5703792aafa92bfb0ee10e08f461b1b34c02cc1f02671892ede1609a","price":0.985,"size":105,"side":"BUY","source":"data-api"}
{"ts":1774895663000,"type":"trade","asset":"0x064d33e3f5703792aafa92bfb0ee10e08f461b1b34c02cc1f02671892ede1609a","price":0.4,"size":4.1,"side":"BUY","source":"data-api"}
{"ts":1774895663000,"type":"trade","asset":"0x064d33e3f5703792aafa92bfb0ee10e08f461b1b34c02cc1f02671892ede1609a","price":0.0290000001015,"size":68.965517,"side":"BUY","source":"data-api"}
{"ts":1774895663000,"type":"trade","asset":"0x064d33e3f5703792aafa92bfb0ee10e08f461b1b34c02cc1f02671892ede1609a","price":0.93,"size":0.2,"side":"SELL","source":"data-api"}
{"ts":1774895663000,"type":"trade","asset":"0x064d33e3f5703792aafa92bfb0ee10e08f461b1b34c02cc1f02671892ede1609a","price":0.900786248060093,"size":87.912077,"side":"BUY","source":"data-api"}
{"ts":1774895663000,"type":"trade","asset":"0x064d33e3f5703792aafa92bfb0ee10e08f461b1b34c02cc1f02671892ede1609a","price":0.77,"size":5,"side":"BUY","source":"data-api"}
{"ts":1774895663000,"type":"trade","asset":"0x064d33e3f5703792aafa92bfb0ee10e08f461b1b34c02cc1f02671892ede1609a","price":0.5699998783998638,"size":2.631576,"side":"BUY","source":"data-api"}
{"ts":1774895663000,"type":"trade","asset":"0x064d33e3f5703792aafa92bfb0ee10e08f461b1b34c02cc1f02671892ede1609a","price":0.8899999109995639,"size":1.12359,"side":"BUY","source":"data-api"}
{"ts":1774895663000,"type":"trade","asset":"0x064d33e3f5703792aafa92bfb0ee10e08f461b1b34c02cc1f02671892ede1609a","price":0.12837911944252675,"size":311.577141,"side":"BUY","source":"data-api"}
{"ts":1774895663000,"type":"trade","asset":"0x064d33e3f5703792aafa92bfb0ee10e08f461b1b34c02cc1f02671892ede1609a","price":0.9,"size":51.11111,"side":"BUY","source":"data-api"}
{"ts":1774895663000,"type":"trade","asset":"0x064d33e3f5703792aafa92bfb0ee10e08f461b1b34c02cc1f02671892ede1609a","price":0.89,"size":5.4,"side":"BUY","source":"data-api"}
{"ts":1774895663000,"type":"trade","asset":"0x064d33e3f5703792aafa92bfb0ee10e08f461b1b34c02cc1f02671892ede1609a","price":0.9045417668269231,"size":66.56,"side":"BUY","source":"data-api"}
{"ts":1774895663000,"type":"trade","asset":"0x064d33e3f5703792aafa92bfb0ee10e08f461b1b34c02cc1f02671892ede1609a","price":0.9,"size":5,"side":"BUY","source":"data-api"}
{"ts":1774895663000,"type":"trade","asset":"0x064d33e3f5703792aafa92bfb0ee10e08f461b1b34c02cc1f02671892ede1609a","price":0.9599999135999862,"size":8.333332,"side":"BUY","source":"data-api"}
{"ts":1774895663000,"type":"trade","asset":"0x064d33e3f5703792aafa92bfb0ee10e08f461b1b34c02cc1f02671892ede1609a","price":0.93,"size":0.2,"side":"SELL","source":"data-api"}
{"ts":1774895663000,"type":"trade","asset":"0x064d33e3f5703792aafa92bfb0ee10e08f461b1b34c02cc1f02671892ede1609a","price":0.52,"size":2901.07,"side":"BUY","source":"data-api"}
{"ts":1774895663000,"type":"trade","asset":"0x064d33e3f5703792aafa92bfb0ee10e08f461b1b34c02cc1f02671892ede1609a","price":0.07,"size":21,"side":"BUY","source":"data-api"}
{"ts":1774895663000,"type":"trade","asset":"0x064d33e3f5703792aafa92bfb0ee10e08f461b1b34c02cc1f02671892ede1609a","price":0.07,"size":47,"side":"BUY","source":"data-api"}
{"ts":1774895663000,"type":"trade","asset":"0x064d33e3f5703792aafa92bfb0ee10e08f461b1b34c02cc1f02671892ede1609a","price":0.68,"size":2.84,"side":"SELL","source":"data-api"}
{"ts":1774895663000,"type":"trade","asset":"0x064d33e3f5703792aafa92bfb0ee10e08f461b1b34c02cc1f02671892ede1609a","price":0.88,"size":75.38,"side":"SELL","source":"data-api"}
{"ts":1774895663000,"type":"trade","asset":"0x064d33e3f5703792aafa92bfb0ee10e08f461b1b34c02cc1f02671892ede1609a","price":0.36,"size":2.94,"side":"SELL","source":"data-api"}
{"ts":1774895665000,"type":"trade","asset":"0x064d33e3f5703792aafa92bfb0ee10e08f461b1b34c02cc1f02671892ede1609a","price":0.87,"size":7,"side":"BUY","source":"data-api"}
{"ts":1774895665000,"type":"trade","asset":"0x064d33e3f5703792aafa92bfb0ee10e08f461b1b34c02cc1f02671892ede1609a","price":0.85,"size":5.05882,"side":"BUY","source":"data-api"}
{"ts":1774895665000,"type":"trade","asset":"0x064d33e3f5703792aafa92bfb0ee10e08f461b1b34c02cc1f02671892ede1609a","price":0.9099999338180061,"size":1.208788,"side":"BUY","source":"data-api"}
{"ts":1774895665000,"type":"trade","asset":"0x064d33e3f5703792aafa92bfb0ee10e08f461b1b34c02cc1f02671892ede1609a","price":0.8599999792770882,"size":5.790692,"side":"BUY","source":"data-api"}
{"ts":1774895665000,"type":"trade","asset":"0x064d33e3f5703792aafa92bfb0ee10e08f461b1b34c02cc1f02671892ede1609a","price":0.9099999755376219,"size":2.043955,"side":"BUY","source":"data-api"}
{"ts":1774895665000,"type":"trade","asset":"0x064d33e3f5703792aafa92bfb0ee10e08f461b1b34c02cc1f02671892ede1609a","price":0.5799999013999182,"size":3.448273,"side":"BUY","source":"data-api"}
{"ts":1774895665000,"type":"trade","asset":"0x064d33e3f5703792aafa92bfb0ee10e08f461b1b34c02cc1f02671892ede1609a","price":0.8499999149996685,"size":1.176466,"side":"BUY","source":"data-api"}
{"ts":1774895665000,"type":"trade","asset":"0x064d33e3f5703792aafa92bfb0ee10e08f461b1b34c02cc1f02671892ede1609a","price":0.18,"size":36,"side":"BUY","source":"data-api"}
{"ts":1774895665000,"type":"trade","asset":"0x064d33e3f5703792aafa92bfb0ee10e08f461b1b34c02cc1f02671892ede1609a","price":0.17,"size":30,"side":"BUY","source":"data-api"}
{"ts":1774895665000,"type":"trade","asset":"0x064d33e3f5703792aafa92bfb0ee10e08f461b1b34c02cc1f02671892ede1609a","price":0.16,"size":30,"side":"BUY","source":"data-api"}
{"ts":1774895665000,"type":"trade","asset":"0x064d33e3f5703792aafa92bfb0ee10e08f461b1b34c02cc1f02671892ede1609a","price":0.91,"size":10.989,"side":"BUY","source":"data-api"}
{"ts":1774895665000,"type":"trade","asset":"0x064d33e3f5703792aafa92bfb0ee10e08f461b1b34c02cc1f02671892ede1609a","price":0.75,"size":5,"side":"BUY","source":"data-api"}
{"ts":1774895665000,"type":"trade","asset":"0x064d33e3f5703792aafa92bfb0ee10e08f461b1b34c02cc1f02671892ede1609a","price":0.8499999952777768,"size":21.176466,"side":"BUY","source":"data-api"}
{"ts":1774895665000,"type":"trade","asset":"0x064d33e3f5703792aafa92bfb0ee10e08f461b1b34c02cc1f02671892ede1609a","price":0.34,"size":5,"side":"BUY","source":"data-api"}
{"ts":1774895665000,"type":"trade","asset":"0x064d33e3f5703792aafa92bfb0ee10e08f461b1b34c02cc1f02671892ede1609a","price":0.85,"size":2.25,"side":"BUY","source":"data-api"}
{"ts":1774895665000,"type":"trade","asset":"0x064d33e3f5703792aafa92bfb0ee10e08f461b1b34c02cc1f02671892ede1609a","price":0.16745724059293043,"size":26.31,"side":"BUY","source":"data-api"}
{"ts":1774895667000,"type":"trade","asset":"0x064d33e3f5703792aafa92bfb0ee10e08f461b1b34c02cc1f02671892ede1609a","price":0.997,"size":112.07,"side":"SELL","source":"data-api"}
{"ts":1774895667000,"type":"trade","asset":"0x064d33e3f5703792aafa92bfb0ee10e08f461b1b34c02cc1f02671892ede1609a","price":0.88,"size":7,"side":"BUY","source":"data-api"}
{"ts":1774895667000,"type":"trade","asset":"0x064d33e3f5703792aafa92bfb0ee10e08f461b1b34c02cc1f02671892ede1609a","price":0.75,"size":5,"side":"BUY","source":"data-api"}
{"ts":1774895667000,"type":"trade","asset":"0x064d33e3f5703792aafa92bfb0ee10e08f461b1b34c02cc1f02671892ede1609a","price":0.8799999932952368,"size":5.965908,"side":"BUY","source":"data-api"}
{"ts":1774895667000,"type":"trade","asset":"0x064d33e3f5703792aafa92bfb0ee10e08f461b1b34c02cc1f02671892ede1609a","price":0.88,"size":1.25,"side":"BUY","source":"data-api"}
{"ts":1774895667000,"type":"trade","asset":"0x064d33e3f5703792aafa92bfb0ee10e08f461b1b34c02cc1f02671892ede1609a","price":0.8799999841797684,"size":5.056816,"side":"BUY","source":"data-api"}
{"ts":1774895667000,"type":"trade","asset":"0x064d33e3f5703792aafa92bfb0ee10e08f461b1b34c02cc1f02671892ede1609a","price":0.9626453836305235,"size":31.1641,"side":"BUY","source":"data-api"}
{"ts":1774895667000,"type":"trade","asset":"0x064d33e3f5703792aafa92bfb0ee10e08f461b1b34c02cc1f02671892ede1609a","price":0.65,"size":30,"side":"BUY","source":"data-api"}
{"ts":1774895667000,"type":"trade","asset":"0x064d33e3f5703792aafa92bfb0ee10e08f461b1b34c02cc1f02671892ede1609a","price":0.44,"size":7,"side":"BUY","source":"data-api"}
{"ts":1774895667000,"type":"trade","asset":"0x064d33e3f5703792aafa92bfb0ee10e08f461b1b34c02cc1f02671892ede1609a","price":0.85,"size":1.33,"side":"SELL","source":"data-api"}
{"ts":1774895667000,"type":"trade","asset":"0x064d33e3f5703792aafa92bfb0ee10e08f461b1b34c02cc1f02671892ede1609a","price":0.85,"size":0.22,"side":"SELL","source":"data-api"}
{"ts":1774895667000,"type":"trade","asset":"0x064d33e3f5703792aafa92bfb0ee10e08f461b1b34c02cc1f02671892ede1609a","price":0.275,"size":4.38,"side":"SELL","source":"data-api"}
{"ts":1774895667000,"type":"trade","asset":"0x064d33e3f5703792aafa92bfb0ee10e08f461b1b34c02cc1f02671892ede1609a","price":0.84,"size":8.190475,"side":"BUY","source":"data-api"}
{"ts":1774895667000,"type":"trade","asset":"0x064d33e3f5703792aafa92bfb0ee10e08f461b1b34c02cc1f02671892ede1609a","price":0.14,"size":5,"side":"SELL","source":"data-api"}
{"ts":1774895667000,"type":"trade","asset":"0x064d33e3f5703792aafa92bfb0ee10e08f461b1b34c02cc1f02671892ede1609a","price":0.16,"size":18.75,"side":"BUY","source":"data-api"}
{"ts":1774895667000,"type":"trade","asset":"0x064d33e3f5703792aafa92bfb0ee10e08f461b1b34c02cc1f02671892ede1609a","price":0.9399999874665749,"size":1.595733,"side":"BUY","source":"data-api"}
{"ts":1774895667000,"type":"trade","asset":"0x064d33e3f5703792aafa92bfb0ee10e08f461b1b34c02cc1f02671892ede1609a","price":0.8533504062102887,"size":84.080342,"side":"BUY","source":"data-api"}
{"ts":1774895667000,"type":"trade","asset":"0x064d33e3f5703792aafa92bfb0ee10e08f461b1b34c02cc1f02671892ede1609a","price":0.15,"size":3.84,"side":"SELL","source":"data-api"}
{"ts":1774895667000,"type":"trade","asset":"0x064d33e3f5703792aafa92bfb0ee10e08f461b1b34c02cc1f02671892ede1609a","price":0.8799999955999994,"size":9.090908,"side":"BUY","source":"data-api"}
{"ts":1774895667000,"type":"trade","asset":"0x064d33e3f5703792aafa92bfb0ee10e08f461b1b34c02cc1f02671892ede1609a","price":0.32999987428568733,"size":5.090908,"side":"BUY","source":"data-api"}
{"ts":1774895667000,"type":"trade","asset":"0x064d33e3f5703792aafa92bfb0ee10e08f461b1b34c02cc1f02671892ede1609a","price":0.88,"size":12,"side":"BUY","source":"data-api"}
{"ts":1774895667000,"type":"trade","asset":"0x064d33e3f5703792aafa92bfb0ee10e08f461b1b34c02cc1f02671892ede1609a","price":0.86,"size":5.31395,"side":"BUY","source":"data-api"}
{"ts":1774895667000,"type":"trade","asset":"0x064d33e3f5703792aafa92bfb0ee10e08f461b1b34c02cc1f02671892ede1609a","price":0.75,"size":5,"side":"BUY","source":"data-api"}
{"ts":1774895667000,"type":"trade","asset":"0x064d33e3f5703792aafa92bfb0ee10e08f461b1b34c02cc1f02671892ede1609a","price":0.8599999687271317,"size":1.279064,"side":"BUY","source":"data-api"}
{"ts":1774895667000,"type":"trade","asset":"0x064d33e3f5703792aafa92bfb0ee10e08f461b1b34c02cc1f02671892ede1609a","price":0.75,"size":5,"side":"BUY","source":"data-api"}
{"ts":1774895667000,"type":"trade","asset":"0x064d33e3f5703792aafa92bfb0ee10e08f461b1b34c02cc1f02671892ede1609a","price":0.95,"size":6,"side":"BUY","source":"data-api"}
{"ts":1774895667000,"type":"trade","asset":"0x064d33e3f5703792aafa92bfb0ee10e08f461b1b34c02cc1f02671892ede1609a","price":0.64,"size":0.12,"side":"SELL","source":"data-api"}
{"ts":1774895667000,"type":"trade","asset":"0x064d33e3f5703792aafa92bfb0ee10e08f461b1b34c02cc1f02671892ede1609a","price":0.9849999999195787,"size":62.172533,"side":"BUY","source":"data-api"}
{"ts":1774895667000,"type":"trade","asset":"0x064d33e3f5703792aafa92bfb0ee10e08f461b1b34c02cc1f02671892ede1609a","price":0.8599999827999946,"size":3.488371,"side":"BUY","source":"data-api"}
{"ts":1774895667000,"type":"trade","asset":"0x064d33e3f5703792aafa92bfb0ee10e08f461b1b34c02cc1f02671892ede1609a","price":0.36,"size":31.25,"side":"BUY","source":"data-api"}
{"ts":1774895667000,"type":"trade","asset":"0x064d33e3f5703792aafa92bfb0ee10e08f461b1b34c02cc1f02671892ede1609a","price":0.016,"size":62.5,"side":"BUY","source":"data-api"}
{"ts":1774895667000,"type":"trade","asset":"0x064d33e3f5703792aafa92bfb0ee10e08f461b1b34c02cc1f02671892ede1609a","price":0.9599999135999862,"size":8.333332,"side":"BUY","source":"data-api"}
{"ts":1774895667000,"type":"trade","asset":"0x064d33e3f5703792aafa92bfb0ee10e08f461b1b34c02cc1f02671892ede1609a","price":0.96,"size":9.375,"side":"BUY","source":"data-api"}
{"ts":1774895667000,"type":"trade","asset":"0x064d33e3f5703792aafa92bfb0ee10e08f461b1b34c02cc1f02671892ede1609a","price":0.992,"size":69.97,"side":"SELL","source":"data-api"}
{"ts":1774895667000,"type":"trade","asset":"0x064d33e3f5703792aafa92bfb0ee10e08f461b1b34c02cc1f02671892ede1609a","price":0.9599999451428446,"size":7.291665,"side":"BUY","source":"data-api"}
{"ts":1774895667000,"type":"trade","asset":"0x064d33e3f5703792aafa92bfb0ee10e08f461b1b34c02cc1f02671892ede1609a","price":0.9599999135999862,"size":8.333332,"side":"BUY","source":"data-api"}
{"ts":1774895667000,"type":"trade","asset":"0x064d33e3f5703792aafa92bfb0ee10e08f461b1b34c02cc1f02671892ede1609a","price":0.9599999451428446,"size":7.291665,"side":"BUY","source":"data-api"}
{"ts":1774895667000,"type":"trade","asset":"0x064d33e3f5703792aafa92bfb0ee10e08f461b1b34c02cc1f02671892ede1609a","price":0.84,"size":41.2,"side":"BUY","source":"data-api"}
{"ts":1774895667000,"type":"trade","asset":"0x064d33e3f5703792aafa92bfb0ee10e08f461b1b34c02cc1f02671892ede1609a","price":0.9599999615999939,"size":10.416665,"side":"BUY","source":"data-api"}
{"ts":1774895667000,"type":"trade","asset":"0x064d33e3f5703792aafa92bfb0ee10e08f461b1b34c02cc1f02671892ede1609a","price":0.8599999655999497,"size":2.325578,"side":"BUY","source":"data-api"}
{"ts":1774895667000,"type":"trade","asset":"0x064d33e3f5703792aafa92bfb0ee10e08f461b1b34c02cc1f02671892ede1609a","price":0.8599999900193309,"size":6.011621,"side":"BUY","source":"data-api"}
{"ts":1774895667000,"type":"trade","asset":"0x064d33e3f5703792aafa92bfb0ee10e08f461b1b34c02cc1f02671892ede1609a","price":0.006000000024,"size":166.666666,"side":"BUY","source":"data-api"}
{"ts":1774895667000,"type":"trade","asset":"0x064d33e3f5703792aafa92bfb0ee10e08f461b1b34c02cc1f02671892ede1609a","price":0.008,"size":125,"side":"BUY","source":"data-api"}
{"ts":1774895667000,"type":"trade","asset":"0x064d33e3f5703792aafa92bfb0ee10e08f461b1b34c02cc1f02671892ede1609a","price":0.47,"size":5,"side":"BUY","source":"data-api"}
{"ts":1774895667000,"type":"trade","asset":"0x064d33e3f5703792aafa92bfb0ee10e08f461b1b34c02cc1f02671892ede1609a","price":0.006000000024,"size":166.666666,"side":"BUY","source":"data-api"}
{"ts":1774895667000,"type":"trade","asset":"0x064d33e3f5703792aafa92bfb0ee10e08f461b1b34c02cc1f02671892ede1609a","price":0.14999988749997187,"size":6.666665,"side":"BUY","source":"data-api"}
{"ts":1774895667000,"type":"trade","asset":"0x064d33e3f5703792aafa92bfb0ee10e08f461b1b34c02cc1f02671892ede1609a","price":0.9929999999546575,"size":88.217428,"side":"BUY","source":"data-api"}
{"ts":1774895667000,"type":"trade","asset":"0x064d33e3f5703792aafa92bfb0ee10e08f461b1b34c02cc1f02671892ede1609a","price":0.036,"size":61.84,"side":"SELL","source":"data-api"}
{"ts":1774895667000,"type":"trade","asset":"0x064d33e3f5703792aafa92bfb0ee10e08f461b1b34c02cc1f02671892ede1609a","price":0.88,"size":0.2,"side":"SELL","source":"data-api"}
{"ts":1774895667000,"type":"trade","asset":"0x064d33e3f5703792aafa92bfb0ee10e08f461b1b34c02cc1f02671892ede1609a","price":0.69,"size":5,"side":"BUY","source":"data-api"}
{"ts":1774895667000,"type":"trade","asset":"0x064d33e3f5703792aafa92bfb0ee10e08f461b1b34c02cc1f02671892ede1609a","price":0.8599999871401823,"size":6.220928,"side":"BUY","source":"data-api"}
{"ts":1774895667000,"type":"trade","asset":"0x064d33e3f5703792aafa92bfb0ee10e08f461b1b34c02cc1f02671892ede1609a","price":0.12,"size":24,"side":"BUY","source":"data-api"}
{"ts":1774895667000,"type":"trade","asset":"0x064d33e3f5703792aafa92bfb0ee10e08f461b1b34c02cc1f02671892ede1609a","price":0.007,"size":125,"side":"SELL","source":"data-api"}
{"ts":1774895667000,"type":"trade","asset":"0x064d33e3f5703792aafa92bfb0ee10e08f461b1b34c02cc1f02671892ede1609a","price":0.88,"size":0.11,"side":"SELL","source":"data-api"}
{"ts":1774895667000,"type":"trade","asset":"0x064d33e3f5703792aafa92bfb0ee10e08f461b1b34c02cc1f02671892ede1609a","price":0.65,"size":53.8,"side":"BUY","source":"data-api"}
{"ts":1774895667000,"type":"trade","asset":"0x064d33e3f5703792aafa92bfb0ee10e08f461b1b34c02cc1f02671892ede1609a","price":0.38999995217982936,"size":9.410255,"side":"BUY","source":"data-api"}
{"ts":1774895667000,"type":"trade","asset":"0x064d33e3f5703792aafa92bfb0ee10e08f461b1b34c02cc1f02671892ede1609a","price":0.89,"size":3,"side":"BUY","source":"data-api"}
{"ts":1774895667000,"type":"trade","asset":"0x064d33e3f5703792aafa92bfb0ee10e08f461b1b34c02cc1f02671892ede1609a","price":0.88,"size":0.2,"side":"SELL","source":"data-api"}
{"ts":1774895667000,"type":"trade","asset":"0x064d33e3f5703792aafa92bfb0ee10e08f461b1b34c02cc1f02671892ede1609a","price":0.275,"size":30.01,"side":"SELL","source":"data-api"}
{"ts":1774895667000,"type":"trade","asset":"0x064d33e3f5703792aafa92bfb0ee10e08f461b1b34c02cc1f02671892ede1609a","price":0.8899999921238695,"size":2.539318,"side":"BUY","source":"data-api"}
{"ts":1774895667000,"type":"trade","asset":"0x064d33e3f5703792aafa92bfb0ee10e08f461b1b34c02cc1f02671892ede1609a","price":0.14999988749997187,"size":6.666665,"side":"BUY","source":"data-api"}
{"ts":1774895667000,"type":"trade","asset":"0x064d33e3f5703792aafa92bfb0ee10e08f461b1b34c02cc1f02671892ede1609a","price":0.9889999991098962,"size":10.111181,"side":"BUY","source":"data-api"}
{"ts":1774895667000,"type":"trade","asset":"0x064d33e3f5703792aafa92bfb0ee10e08f461b1b34c02cc1f02671892ede1609a","price":0.88,"size":0.2,"side":"SELL","source":"data-api"}
{"ts":1774895667000,"type":"trade","asset":"0x064d33e3f5703792aafa92bfb0ee10e08f461b1b34c02cc1f02671892ede1609a","price":0.33999980475239405,"size":2.970587,"side":"BUY","source":"data-api"}
{"ts":1774895667000,"type":"trade","asset":"0x064d33e3f5703792aafa92bfb0ee10e08f461b1b34c02cc1f02671892ede1609a","price":0.8599999139995786,"size":1.162785,"side":"BUY","source":"data-api"}
{"ts":1774895667000,"type":"trade","asset":"0x064d33e3f5703792aafa92bfb0ee10e08f461b1b34c02cc1f02671892ede1609a","price":0.8877631335908396,"size":40.100781,"side":"BUY","source":"data-api"}
{"ts":1774895667000,"type":"trade","asset":"0x064d33e3f5703792aafa92bfb0ee10e08f461b1b34c02cc1f02671892ede1609a","price":0.85,"size":42.34,"side":"SELL","source":"data-api"}
{"ts":1774895667000,"type":"trade","asset":"0x064d33e3f5703792aafa92bfb0ee10e08f461b1b34c02cc1f02671892ede1609a","price":0.75,"size":15,"side":"BUY","source":"data-api"}
{"ts":1774895667000,"type":"trade","asset":"0x064d33e3f5703792aafa92bfb0ee10e08f461b1b34c02cc1f02671892ede1609a","price":0.75,"size":15,"side":"BUY","source":"data-api"}
{"ts":1774895667000,"type":"trade","asset":"0x064d33e3f5703792aafa92bfb0ee10e08f461b1b34c02cc1f02671892ede1609a","price":0.33999996865731125,"size":14.676469,"side":"BUY","source":"data-api"}
{"ts":1774895667000,"type":"trade","asset":"0x064d33e3f5703792aafa92bfb0ee10e08f461b1b34c02cc1f02671892ede1609a","price":0.8476877612800923,"size":138.74,"side":"SELL","source":"data-api"}
{"ts":1774895667000,"type":"trade","asset":"0x064d33e3f5703792aafa92bfb0ee10e08f461b1b34c02cc1f02671892ede1609a","price":0.8599999713333024,"size":4.186042,"side":"BUY","source":"data-api"}
{"ts":1774895667000,"type":"trade","asset":"0x064d33e3f5703792aafa92bfb0ee10e08f461b1b34c02cc1f02671892ede1609a","price":0.98,"size":8.62,"side":"BUY","source":"data-api"}
{"ts":1774895667000,"type":"trade","asset":"0x064d33e3f5703792aafa92bfb0ee10e08f461b1b34c02cc1f02671892ede1609a","price":0.97,"size":12.12,"side":"BUY","source":"data-api"}
{"ts":1774895667000,"type":"trade","asset":"0x064d33e3f5703792aafa92bfb0ee10e08f461b1b34c02cc1f02671892ede1609a","price":0.8599999988533331,"size":34.883714,"side":"BUY","source":"data-api"}
{"ts":1774895667000,"type":"trade","asset":"0x064d33e3f5703792aafa92bfb0ee10e08f461b1b34c02cc1f02671892ede1609a","price":0.88,"size":1.25,"side":"BUY","source":"data-api"}
{"ts":1774895667000,"type":"trade","asset":"0x064d33e3f5703792aafa92bfb0ee10e08f461b1b34c02cc1f02671892ede1609a","price":0.35999987039991704,"size":2.777776,"side":"BUY","source":"data-api"}
{"ts":1774895667000,"type":"trade","asset":"0x064d33e3f5703792aafa92bfb0ee10e08f461b1b34c02cc1f02671892ede1609a","price":0.51,"size":180.16,"side":"BUY","source":"data-api"}
{"ts":1774895667000,"type":"trade","asset":"0x064d33e3f5703792aafa92bfb0ee10e08f461b1b34c02cc1f02671892ede1609a","price":0.889999951454504,"size":1.235954,"side":"BUY","source":"data-api"}
{"ts":1774895667000,"type":"trade","asset":"0x064d33e3f5703792aafa92bfb0ee10e08f461b1b34c02cc1f02671892ede1609a","price":0.87,"size":0.2,"side":"SELL","source":"data-api"}
{"ts":1774895667000,"type":"trade","asset":"0x064d33e3f5703792aafa92bfb0ee10e08f461b1b34c02cc1f02671892ede1609a","price":0.85,"size":5.45,"side":"SELL","source":"data-api"}
{"ts":1774895667000,"type":"trade","asset":"0x064d33e3f5703792aafa92bfb0ee10e08f461b1b34c02cc1f02671892ede1609a","price":0.4971588766095508,"size":493.15,"side":"SELL","source":"data-api"}
{"ts":1774895667000,"type":"trade","asset":"0x064d33e3f5703792aafa92bfb0ee10e08f461b1b34c02cc1f02671892ede1609a","price":0.84,"size":7.27,"side":"SELL","source":"data-api"}
{"ts":1774895667000,"type":"trade","asset":"0x064d33e3f5703792aafa92bfb0ee10e08f461b1b34c02cc1f02671892ede1609a","price":0.14999997599999904,"size":33.333332,"side":"BUY","source":"data-api"}
{"ts":1774895673000,"type":"trade","asset":"0x064d33e3f5703792aafa92bfb0ee10e08f461b1b34c02cc1f02671892ede1609a","price":0.74,"size":5,"side":"BUY","source":"data-api"}
{"ts":1774895673000,"type":"trade","asset":"0x064d33e3f5703792aafa92bfb0ee10e08f461b1b34c02cc1f02671892ede1609a","price":0.952,"size":53.73,"side":"BUY","source":"data-api"}
{"ts":1774895673000,"type":"trade","asset":"0x064d33e3f5703792aafa92bfb0ee10e08f461b1b34c02cc1f02671892ede1609a","price":0.5204387755102041,"size":9.8,"side":"SELL","source":"data-api"}
{"ts":1774895673000,"type":"trade","asset":"0x064d33e3f5703792aafa92bfb0ee10e08f461b1b34c02cc1f02671892ede1609a","price":0.9599999615999939,"size":10.416665,"side":"BUY","source":"data-api"}
{"ts":1774895673000,"type":"trade","asset":"0x064d33e3f5703792aafa92bfb0ee10e08f461b1b34c02cc1f02671892ede1609a","price":0.98,"size":3.3,"side":"SELL","source":"data-api"}
{"ts":1774895673000,"type":"trade","asset":"0x064d33e3f5703792aafa92bfb0ee10e08f461b1b34c02cc1f02671892ede1609a","price":0.98,"size":2.78,"side":"SELL","source":"data-api"}
{"ts":1774895673000,"type":"trade","asset":"0x064d33e3f5703792aafa92bfb0ee10e08f461b1b34c02cc1f02671892ede1609a","price":0.96,"size":2,"side":"BUY","source":"data-api"}
{"ts":1774895673000,"type":"trade","asset":"0x064d33e3f5703792aafa92bfb0ee10e08f461b1b34c02cc1f02671892ede1609a","price":0.2599998647999351,"size":3.846152,"side":"BUY","source":"data-api"}
{"ts":1774895673000,"type":"trade","asset":"0x064d33e3f5703792aafa92bfb0ee10e08f461b1b34c02cc1f02671892ede1609a","price":0.96,"size":20.552075,"side":"BUY","source":"data-api"}
{"ts":1774895673000,"type":"trade","asset":"0x064d33e3f5703792aafa92bfb0ee10e08f461b1b34c02cc1f02671892ede1609a","price":0.96,"size":1.04165,"side":"BUY","source":"data-api"}
{"ts":1774895673000,"type":"trade","asset":"0x064d33e3f5703792aafa92bfb0ee10e08f461b1b34c02cc1f02671892ede1609a","price":0.9599999135999862,"size":8.333332,"side":"BUY","source":"data-api"}
{"ts":1774895673000,"type":"trade","asset":"0x064d33e3f5703792aafa92bfb0ee10e08f461b1b34c02cc1f02671892ede1609a","price":0.96,"size":52.59375,"side":"BUY","source":"data-api"}
{"ts":1774895673000,"type":"trade","asset":"0x064d33e3f5703792aafa92bfb0ee10e08f461b1b34c02cc1f02671892ede1609a","price":0.96,"size":6.25,"side":"BUY","source":"data-api"}
{"ts":1774895673000,"type":"trade","asset":"0x064d33e3f5703792aafa92bfb0ee10e08f461b1b34c02cc1f02671892ede1609a","price":0.96,"size":6.25,"side":"BUY","source":"data-api"}
{"ts":1774895673000,"type":"trade","asset":"0x064d33e3f5703792aafa92bfb0ee10e08f461b1b34c02cc1f02671892ede1609a","price":0.9599999135999862,"size":8.333332,"side":"BUY","source":"data-api"}
{"ts":1774895673000,"type":"trade","asset":"0x064d33e3f5703792aafa92bfb0ee10e08f461b1b34c02cc1f02671892ede1609a","price":0.96,"size":10.3125,"side":"BUY","source":"data-api"}
{"ts":1774895673000,"type":"trade","asset":"0x064d33e3f5703792aafa92bfb0ee10e08f461b1b34c02cc1f02671892ede1609a","price":0.74,"size":1.35135,"side":"BUY","source":"data-api"}
{"ts":1774895673000,"type":"trade","asset":"0x064d33e3f5703792aafa92bfb0ee10e08f461b1b34c02cc1f02671892ede1609a","price":0.039,"size":60,"side":"BUY","source":"data-api"}
{"ts":1774895673000,"type":"trade","asset":"0x064d33e3f5703792aafa92bfb0ee10e08f461b1b34c02cc1f02671892ede1609a","price":0.98,"size":1.79,"side":"SELL","source":"data-api"}
{"ts":1774895673000,"type":"trade","asset":"0x064d33e3f5703792aafa92bfb0ee10e08f461b1b34c02cc1f02671892ede1609a","price":0.96,"size":9.375,"side":"BUY","source":"data-api"}
{"ts":1774895673000,"type":"trade","asset":"0x064d33e3f5703792aafa92bfb0ee10e08f461b1b34c02cc1f02671892ede1609a","price":0.96,"size":2,"side":"BUY","source":"data-api"}
{"ts":1774895673000,"type":"trade","asset":"0x064d33e3f5703792aafa92bfb0ee10e08f461b1b34c02cc1f02671892ede1609a","price":0.98,"size":2.53,"side":"SELL","source":"data-api"}
{"ts":1774895673000,"type":"trade","asset":"0x064d33e3f5703792aafa92bfb0ee10e08f461b1b34c02cc1f02671892ede1609a","price":0.96,"size":5.208325,"side":"BUY","source":"data-api"}
{"ts":1774895673000,"type":"trade","asset":"0x064d33e3f5703792aafa92bfb0ee10e08f461b1b34c02cc1f02671892ede1609a","price":0.96,"size":10.41665,"side":"BUY","source":"data-api"}
{"ts":1774895673000,"type":"trade","asset":"0x064d33e3f5703792aafa92bfb0ee10e08f461b1b34c02cc1f02671892ede1609a","price":0.97,"size":15,"side":"BUY","source":"data-api"}
{"ts":1774895673000,"type":"trade","asset":"0x064d33e3f5703792aafa92bfb0ee10e08f461b1b34c02cc1f02671892ede1609a","price":0.9699999948403953,"size":1.938133,"side":"BUY","source":"data-api"}
{"ts":1774895673000,"type":"trade","asset":"0x064d33e3f5703792aafa92bfb0ee10e08f461b1b34c02cc1f02671892ede1609a","price":0.02,"size":50,"side":"BUY","source":"data-api"}
{"ts":1774895673000,"type":"trade","asset":"0x064d33e3f5703792aafa92bfb0ee10e08f461b1b34c02cc1f02671892ede1609a","price":0.97,"size":5.05,"side":"BUY","source":"data-api"}
{"ts":1774895673000,"type":"trade","asset":"0x064d33e3f5703792aafa92bfb0ee10e08f461b1b34c02cc1f02671892ede1609a","price":0.99,"size":1.1111,"side":"BUY","source":"data-api"}
{"ts":1774895673000,"type":"trade","asset":"0x064d33e3f5703792aafa92bfb0ee10e08f461b1b34c02cc1f02671892ede1609a","price":0.036765,"size":20,"side":"BUY","source":"data-api"}
{"ts":1774895673000,"type":"trade","asset":"0x064d33e3f5703792aafa92bfb0ee10e08f461b1b34c02cc1f02671892ede1609a","price":0.96,"size":10,"side":"BUY","source":"data-api"}
{"ts":1774895673000,"type":"trade","asset":"0x064d33e3f5703792aafa92bfb0ee10e08f461b1b34c02cc1f02671892ede1609a","price":0.007,"size":125,"side":"SELL","source":"data-api"}
{"ts":1774895673000,"type":"trade","asset":"0x064d33e3f5703792aafa92bfb0ee10e08f461b1b34c02cc1f02671892ede1609a","price":0.96,"size":1.145825,"side":"BUY","source":"data-api"}
{"ts":1774895675000,"type":"trade","asset":"0x064d33e3f5703792aafa92bfb0ee10e08f461b1b34c02cc1f02671892ede1609a","price":0.98,"size":5.09,"side":"BUY","source":"data-api"}
{"ts":1774895675000,"type":"trade","asset":"0x064d33e3f5703792aafa92bfb0ee10e08f461b1b34c02cc1f02671892ede1609a","price":0.9,"size":5.55555,"side":"BUY","source":"data-api"}
{"ts":1774895675000,"type":"trade","asset":"0x064d33e3f5703792aafa92bfb0ee10e08f461b1b34c02cc1f02671892ede1609a","price":0.3099998338399561,"size":4.032257,"side":"BUY","source":"data-api"}
{"ts":1774895675000,"type":"trade","asset":"0x064d33e3f5703792aafa92bfb0ee10e08f461b1b34c02cc1f02671892ede1609a","price":0.54,"size":1.85185,"side":"BUY","source":"data-api"}
{"ts":1774895675000,"type":"trade","asset":"0x064d33e3f5703792aafa92bfb0ee10e08f461b1b34c02cc1f02671892ede1609a","price":0.98,"size":1.0204,"side":"BUY","source":"data-api"}
{"ts":1774895675000,"type":"trade","asset":"0x064d33e3f5703792aafa92bfb0ee10e08f461b1b34c02cc1f02671892ede1609a","price":0.9734753531465109,"size":7.66325,"side":"BUY","source":"data-api"}
{"ts":1774895675000,"type":"trade","asset":"0x064d33e3f5703792aafa92bfb0ee10e08f461b1b34c02cc1f02671892ede1609a","price":0.98,"size":4.0816,"side":"BUY","source":"data-api"}
{"ts":1774895675000,"type":"trade","asset":"0x064d33e3f5703792aafa92bfb0ee10e08f461b1b34c02cc1f02671892ede1609a","price":0.9969999999973127,"size":372.116333,"side":"BUY","source":"data-api"}
{"ts":1774895675000,"type":"trade","asset":"0x064d33e3f5703792aafa92bfb0ee10e08f461b1b34c02cc1f02671892ede1609a","price":0.9699999993401358,"size":15.154633,"side":"BUY","source":"data-api"}
{"ts":1774895675000,"type":"trade","asset":"0x064d33e3f5703792aafa92bfb0ee10e08f461b1b34c02cc1f02671892ede1609a","price":0.51,"size":6,"side":"SELL","source":"data-api"}
{"ts":1774895675000,"type":"trade","asset":"0x064d33e3f5703792aafa92bfb0ee10e08f461b1b34c02cc1f02671892ede1609a","price":0.28,"size":3.74,"side":"BUY","source":"data-api"}
{"ts":1774895675000,"type":"trade","asset":"0x064d33e3f5703792aafa92bfb0ee10e08f461b1b34c02cc1f02671892ede1609a","price":0.98,"size":3.0612,"side":"BUY","source":"data-api"}
{"ts":1774895675000,"type":"trade","asset":"0x064d33e3f5703792aafa92bfb0ee10e08f461b1b34c02cc1f02671892ede1609a","price":0.9699999980204029,"size":5.051533,"side":"BUY","source":"data-api"}
{"ts":1774895675000,"type":"trade","asset":"0x064d33e3f5703792aafa92bfb0ee10e08f461b1b34c02cc1f02671892ede1609a","price":0.98,"size":2.43875,"side":"BUY","source":"data-api"}
{"ts":1774895675000,"type":"trade","asset":"0x064d33e3f5703792aafa92bfb0ee10e08f461b1b34c02cc1f02671892ede1609a","price":0.03,"size":5.96,"side":"SELL","source":"data-api"}
{"ts":1774895675000,"type":"trade","asset":"0x064d33e3f5703792aafa92bfb0ee10e08f461b1b34c02cc1f02671892ede1609a","price":0.2799999503071591,"size":10.464284,"side":"BUY","source":"data-api"}
{"ts":1774895675000,"type":"trade","asset":"0x064d33e3f5703792aafa92bfb0ee10e08f461b1b34c02cc1f02671892ede1609a","price":0.63,"size":6.15,"side":"BUY","source":"data-api"}
{"ts":1774895675000,"type":"trade","asset":"0x064d33e3f5703792aafa92bfb0ee10e08f461b1b34c02cc1f02671892ede1609a","price":0.9699999995171725,"size":41.422666,"side":"BUY","source":"data-api"}
{"ts":1774895675000,"type":"trade","asset":"0x064d33e3f5703792aafa92bfb0ee10e08f461b1b34c02cc1f02671892ede1609a","price":0.96,"size":6.19,"side":"SELL","source":"data-api"}
{"ts":1774895675000,"type":"trade","asset":"0x064d33e3f5703792aafa92bfb0ee10e08f461b1b34c02cc1f02671892ede1609a","price":0.99,"size":1.0101,"side":"BUY","source":"data-api"}
{"ts":1774895675000,"type":"trade","asset":"0x064d33e3f5703792aafa92bfb0ee10e08f461b1b34c02cc1f02671892ede1609a","price":0.34,"size":27.04,"side":"BUY","source":"data-api"}
{"ts":1774895675000,"type":"trade","asset":"0x064d33e3f5703792aafa92bfb0ee10e08f461b1b34c02cc1f02671892ede1609a","price":0.97,"size":1.134,"side":"BUY","source":"data-api"}
{"ts":1774895675000,"type":"trade","asset":"0x064d33e3f5703792aafa92bfb0ee10e08f461b1b34c02cc1f02671892ede1609a","price":0.62,"size":18.12,"side":"BUY","source":"data-api"}
{"ts":1774895675000,"type":"trade","asset":"0x064d33e3f5703792aafa92bfb0ee10e08f461b1b34c02cc1f02671892ede1609a","price":0.62,"size":19.01,"side":"BUY","source":"data-api"}
{"ts":1774895675000,"type":"trade","asset":"0x064d33e3f5703792aafa92bfb0ee10e08f461b1b34c02cc1f02671892ede1609a","price":0.96,"size":1.22,"side":"SELL","source":"data-api"}
{"ts":1774895675000,"type":"trade","asset":"0x064d33e3f5703792aafa92bfb0ee10e08f461b1b34c02cc1f02671892ede1609a","price":0.82,"size":6.35,"side":"BUY","source":"data-api"}
{"ts":1774895675000,"type":"trade","asset":"0x064d33e3f5703792aafa92bfb0ee10e08f461b1b34c02cc1f02671892ede1609a","price":0.98,"size":102.0408,"side":"BUY","source":"data-api"}
